ts,symbol,best_bid_price,best_bid_size,best_ask_price,best_ask_size
2025-12-25T22:40:58.761148,ETHUSDT,2938.40,0.80,2938.41,17.23
2025-12-25T22:40:58.801261,ETHUSDT,2938.40,0.80,2938.41,17.17
2025-12-25T22:40:58.811976,ETHUSDT,2938.40,0.80,2938.41,17.23
2025-12-25T22:40:58.852442,ETHUSDT,2938.40,0.80,2938.41,17.17
2025-12-25T22:40:58.892323,ETHUSDT,2938.40,0.80,2938.41,17.23
2025-12-25T22:40:58.921858,ETHUSDT,2938.40,0.80,2938.41,17.17
2025-12-25T22:40:58.939715,ETHUSDT,2938.40,0.80,2938.41,17.23
2025-12-25T22:40:58.971308,ETHUSDT,2938.40,0.80,2938.41,17.17
2025-12-25T22:40:58.996564,ETHUSDT,2938.40,0.80,2938.41,17.23
2025-12-25T22:40:59.031409,ETHUSDT,2938.40,0.80,2938.41,17.17
2025-12-25T22:40:59.041571,ETHUSDT,2938.40,0.80,2938.41,17.23
2025-12-25T22:40:59.071471,ETHUSDT,2938.40,0.80,2938.41,17.17
2025-12-25T22:40:59.081229,ETHUSDT,2938.40,0.80,2938.41,17.23
2025-12-25T22:40:59.121383,ETHUSDT,2938.40,0.80,2938.41,17.17
2025-12-25T22:40:59.131322,ETHUSDT,2938.40,0.80,2938.41,17.23
2025-12-25T22:40:59.140935,ETHUSDT,2938.40,0.80,2938.41,17.17
2025-12-25T22:40:59.151483,ETHUSDT,2938.40,0.80,2938.41,17.23
2025-12-25T22:40:59.181522,ETHUSDT,2938.40,0.80,2938.41,17.17
2025-12-25T22:40:59.192286,ETHUSDT,2938.40,0.80,2938.41,17.23
2025-12-25T22:40:59.242263,ETHUSDT,2938.40,0.80,2938.41,17.17
2025-12-25T22:40:59.242770,ETHUSDT,2938.40,0.80,2938.41,17.23
2025-12-25T22:40:59.261150,ETHUSDT,2938.40,0.80,2938.41,17.17
2025-12-25T22:40:59.411713,ETHUSDT,2938.40,0.80,2938.41,11.86
2025-12-25T22:41:00.091726,ETHUSDT,2938.40,1.10,2938.41,11.86
2025-12-25T22:41:00.172185,ETHUSDT,2938.40,1.25,2938.41,11.86
2025-12-25T22:41:00.242461,ETHUSDT,2938.40,1.18,2938.41,11.86
2025-12-25T22:41:00.861538,ETHUSDT,2938.40,0.88,2938.41,11.86
2025-12-25T22:41:00.871216,ETHUSDT,2938.25,0.01,2938.41,11.87
2025-12-25T22:41:00.881599,ETHUSDT,2938.19,0.05,2938.20,17.92
2025-12-25T22:41:00.896713,ETHUSDT,2938.19,4.17,2938.20,15.44
2025-12-25T22:41:00.912233,ETHUSDT,2938.19,0.71,2938.20,15.44
2025-12-25T22:41:01.032044,ETHUSDT,2938.19,1.05,2938.20,15.44
2025-12-25T22:41:01.171581,ETHUSDT,2938.19,1.05,2938.20,15.46
2025-12-25T22:41:01.242144,ETHUSDT,2938.19,1.50,2938.20,15.46
2025-12-25T22:41:01.316222,ETHUSDT,2938.19,1.37,2938.20,15.46
2025-12-25T22:41:01.380920,ETHUSDT,2938.19,1.50,2938.20,15.46
2025-12-25T22:41:01.452391,ETHUSDT,2938.19,1.48,2938.20,15.46
2025-12-25T22:41:01.632090,ETHUSDT,2938.19,1.09,2938.20,15.46
2025-12-25T22:41:01.641351,ETHUSDT,2938.19,0.33,2938.20,15.46
2025-12-25T22:41:01.652209,ETHUSDT,2938.19,0.63,2938.20,15.46
2025-12-25T22:41:01.711875,ETHUSDT,2938.19,0.22,2938.20,15.46
2025-12-25T22:41:01.781721,ETHUSDT,2938.19,0.53,2938.20,15.46
2025-12-25T22:41:01.852064,ETHUSDT,2938.19,0.32,2938.20,15.46
2025-12-25T22:41:01.921750,ETHUSDT,2938.19,0.58,2938.20,15.46
2025-12-25T22:41:01.993583,ETHUSDT,2938.19,0.34,2938.20,15.46
2025-12-25T22:41:02.071302,ETHUSDT,2938.19,0.47,2938.20,15.46
2025-12-25T22:41:02.141043,ETHUSDT,2938.19,0.41,2938.20,15.46
2025-12-25T22:41:02.211138,ETHUSDT,2938.19,0.50,2938.20,15.46
2025-12-25T22:41:02.282434,ETHUSDT,2938.19,0.43,2938.20,15.46
2025-12-25T22:41:02.361757,ETHUSDT,2938.19,0.51,2938.20,15.46
2025-12-25T22:41:02.431990,ETHUSDT,2938.19,0.43,2938.20,15.46
2025-12-25T22:41:02.501275,ETHUSDT,2938.19,0.51,2938.20,15.46
2025-12-25T22:41:02.521505,ETHUSDT,2938.19,3.97,2938.20,15.46
2025-12-25T22:41:02.571608,ETHUSDT,2938.19,3.89,2938.20,15.46
2025-12-25T22:41:02.653438,ETHUSDT,2938.19,4.21,2938.20,15.46
2025-12-25T22:41:03.686807,ETHUSDT,2938.19,4.21,2938.20,15.54
2025-12-25T22:41:03.694046,ETHUSDT,2938.19,0.75,2938.20,15.54
2025-12-25T22:41:03.774671,ETHUSDT,2938.19,0.47,2938.20,15.54
2025-12-25T22:41:03.842636,ETHUSDT,2938.19,0.61,2938.20,15.54
2025-12-25T22:41:03.911835,ETHUSDT,2938.19,0.40,2938.20,15.54
2025-12-25T22:41:03.981209,ETHUSDT,2938.19,0.58,2938.20,15.54
2025-12-25T22:41:04.041829,ETHUSDT,2938.19,0.28,2938.20,15.54
2025-12-25T22:41:04.051619,ETHUSDT,2938.19,0.10,2938.20,15.54
2025-12-25T22:41:04.061068,ETHUSDT,2938.19,0.08,2938.20,15.54
2025-12-25T22:41:04.131783,ETHUSDT,2938.19,0.04,2938.20,15.54
2025-12-25T22:41:04.151761,ETHUSDT,2938.18,0.35,2938.19,20.32
2025-12-25T22:41:04.162288,ETHUSDT,2938.18,0.34,2938.19,19.68
2025-12-25T22:41:04.221818,ETHUSDT,2938.18,0.51,2938.19,19.68
2025-12-25T22:41:04.291932,ETHUSDT,2938.18,0.42,2938.19,19.68
2025-12-25T22:41:04.372246,ETHUSDT,2938.18,0.50,2938.19,19.68
2025-12-25T22:41:04.441800,ETHUSDT,2938.18,0.46,2938.19,19.68
2025-12-25T22:41:04.512538,ETHUSDT,2938.18,0.52,2938.19,19.68
2025-12-25T22:41:04.593727,ETHUSDT,2938.18,0.47,2938.19,19.68
2025-12-25T22:41:04.662339,ETHUSDT,2938.18,0.53,2938.19,19.68
2025-12-25T22:41:04.731764,ETHUSDT,2938.18,0.47,2938.19,19.68
2025-12-25T22:41:04.813479,ETHUSDT,2938.18,0.53,2938.19,19.68
2025-12-25T22:41:04.822574,ETHUSDT,2938.18,0.53,2938.19,19.31
2025-12-25T22:41:04.871717,ETHUSDT,2938.18,0.47,2938.19,19.31
2025-12-25T22:41:04.952145,ETHUSDT,2938.18,0.53,2938.19,19.31
2025-12-25T22:41:05.022871,ETHUSDT,2938.18,0.47,2938.19,19.31
2025-12-25T22:41:05.094343,ETHUSDT,2938.18,0.53,2938.19,19.31
2025-12-25T22:41:05.162062,ETHUSDT,2938.18,0.50,2938.19,19.31
2025-12-25T22:41:05.285474,ETHUSDT,2938.18,0.52,2938.19,19.31
2025-12-25T22:41:05.311573,ETHUSDT,2938.18,0.49,2938.19,19.31
2025-12-25T22:41:05.381887,ETHUSDT,2938.18,0.52,2938.19,19.31
2025-12-25T22:41:05.451943,ETHUSDT,2938.18,0.49,2938.19,19.31
2025-12-25T22:41:05.532196,ETHUSDT,2938.18,0.50,2938.19,19.31
2025-12-25T22:41:06.172891,ETHUSDT,2938.18,0.51,2938.19,17.14
2025-12-25T22:41:06.471941,ETHUSDT,2938.04,3.76,2938.05,5.10
2025-12-25T22:41:06.481706,ETHUSDT,2938.04,3.76,2938.05,10.60
2025-12-25T22:41:06.491969,ETHUSDT,2938.04,3.76,2938.05,11.48
2025-12-25T22:41:06.612062,ETHUSDT,2938.04,4.19,2938.05,11.48
2025-12-25T22:41:06.721610,ETHUSDT,2938.04,0.43,2938.05,11.49
2025-12-25T22:41:06.751504,ETHUSDT,2938.04,0.73,2938.05,11.49
2025-12-25T22:41:06.761028,ETHUSDT,2938.04,0.43,2938.05,11.49
2025-12-25T22:41:06.771752,ETHUSDT,2938.04,0.43,2938.05,13.53
2025-12-25T22:41:06.810932,ETHUSDT,2938.00,0.01,2938.01,19.68
2025-12-25T22:41:06.821170,ETHUSDT,2938.00,0.02,2938.01,20.58
2025-12-25T22:41:06.971974,ETHUSDT,2938.00,0.36,2938.01,20.58
2025-12-25T22:41:07.111146,ETHUSDT,2938.00,0.35,2938.01,20.58
2025-12-25T22:41:07.401088,ETHUSDT,2938.00,0.35,2938.01,20.70
2025-12-25T22:41:07.791526,ETHUSDT,2938.00,0.43,2938.01,20.70
2025-12-25T22:41:08.365939,ETHUSDT,2938.00,0.35,2938.01,20.70
2025-12-25T22:41:08.813393,ETHUSDT,2938.00,0.65,2938.01,20.70
2025-12-25T22:41:09.715668,ETHUSDT,2938.00,0.35,2938.01,20.70
2025-12-25T22:41:09.738768,ETHUSDT,2938.00,0.65,2938.01,20.70
2025-12-25T22:41:09.782444,ETHUSDT,2938.00,0.65,2938.01,20.33
2025-12-25T22:41:09.895283,ETHUSDT,2937.18,1.67,2938.01,20.33
2025-12-25T22:41:09.901315,ETHUSDT,2937.54,4.17,2937.64,0.02
2025-12-25T22:41:09.912149,ETHUSDT,2937.63,4.67,2937.64,5.28
2025-12-25T22:41:09.930913,ETHUSDT,2937.63,5.68,2937.64,5.28
2025-12-25T22:41:09.940262,ETHUSDT,2937.63,5.68,2937.64,4.40
2025-12-25T22:41:09.971651,ETHUSDT,2937.63,5.52,2937.64,8.42
2025-12-25T22:41:09.981732,ETHUSDT,2937.63,5.52,2937.64,4.40
2025-12-25T22:41:09.999111,ETHUSDT,2937.63,4.52,2937.64,4.40
2025-12-25T22:41:10.000351,ETHUSDT,2937.63,4.52,2937.64,4.06
2025-12-25T22:41:10.041625,ETHUSDT,2937.63,5.00,2937.64,4.06
2025-12-25T22:41:10.081985,ETHUSDT,2937.63,5.00,2937.64,4.96
2025-12-25T22:41:10.091381,ETHUSDT,2937.63,5.00,2937.64,4.06
2025-12-25T22:41:10.132039,ETHUSDT,2937.63,5.00,2937.64,4.40
2025-12-25T22:41:10.141493,ETHUSDT,2937.63,5.02,2937.64,4.40
2025-12-25T22:41:10.272899,ETHUSDT,2937.63,5.03,2937.64,4.40
2025-12-25T22:41:10.362131,ETHUSDT,2937.63,5.03,2937.64,4.06
2025-12-25T22:41:10.462865,ETHUSDT,2937.63,5.03,2937.64,4.40
2025-12-25T22:41:10.511961,ETHUSDT,2937.63,5.03,2937.64,4.48
2025-12-25T22:41:10.541936,ETHUSDT,2937.63,5.01,2937.64,4.48
2025-12-25T22:41:10.593692,ETHUSDT,2937.63,5.01,2937.64,4.14
2025-12-25T22:41:10.621498,ETHUSDT,2937.63,5.01,2937.64,4.48
2025-12-25T22:41:10.693998,ETHUSDT,2937.63,5.01,2937.64,4.14
2025-12-25T22:41:10.781923,ETHUSDT,2937.63,5.01,2937.64,4.48
2025-12-25T22:41:10.801515,ETHUSDT,2937.63,5.01,2937.64,4.14
2025-12-25T22:41:10.821866,ETHUSDT,2937.63,4.93,2937.64,4.48
2025-12-25T22:41:10.861121,ETHUSDT,2937.63,4.93,2937.64,5.20
2025-12-25T22:41:10.872389,ETHUSDT,2937.63,4.93,2937.64,4.78
2025-12-25T22:41:10.961611,ETHUSDT,2937.63,4.93,2937.64,1.32
2025-12-25T22:41:11.045077,ETHUSDT,2937.63,4.93,2937.64,0.98
2025-12-25T22:41:11.052140,ETHUSDT,2937.63,4.93,2937.64,4.44
2025-12-25T22:41:11.082403,ETHUSDT,2937.63,4.93,2937.64,4.78
2025-12-25T22:41:11.147322,ETHUSDT,2937.63,4.93,2937.64,4.44
2025-12-25T22:41:11.222357,ETHUSDT,2937.63,4.93,2937.64,4.78
2025-12-25T22:41:11.432890,ETHUSDT,2937.63,4.95,2937.64,4.78
2025-12-25T22:41:11.441581,ETHUSDT,2937.63,4.95,2937.64,4.48
2025-12-25T22:41:11.594737,ETHUSDT,2937.63,4.95,2937.64,4.14
2025-12-25T22:41:11.641896,ETHUSDT,2937.63,4.93,2937.64,4.14
2025-12-25T22:41:11.771878,ETHUSDT,2937.63,4.93,2937.64,4.48
2025-12-25T22:41:11.781415,ETHUSDT,2937.63,4.93,2937.64,8.50
2025-12-25T22:41:12.175035,ETHUSDT,2937.63,4.95,2937.64,8.50
2025-12-25T22:41:12.341559,ETHUSDT,2937.63,4.93,2937.64,8.50
2025-12-25T22:41:12.472263,ETHUSDT,2937.63,4.93,2937.64,8.16
2025-12-25T22:41:12.480941,ETHUSDT,2937.63,4.93,2937.64,4.16
2025-12-25T22:41:12.651893,ETHUSDT,2937.63,4.95,2937.64,4.16
2025-12-25T22:41:13.197383,ETHUSDT,2937.63,4.97,2937.64,4.16
2025-12-25T22:41:13.745886,ETHUSDT,2937.63,4.95,2937.64,4.16
2025-12-25T22:41:13.801260,ETHUSDT,2937.63,4.95,2937.64,3.82
2025-12-25T22:41:13.871424,ETHUSDT,2937.63,4.95,2937.64,4.16
2025-12-25T22:41:13.961551,ETHUSDT,2937.63,4.95,2937.64,3.82
2025-12-25T22:41:14.145506,ETHUSDT,2937.63,4.97,2937.64,3.82
2025-12-25T22:41:14.162264,ETHUSDT,2937.63,4.97,2937.64,4.16
2025-12-25T22:41:14.341985,ETHUSDT,2937.63,4.95,2937.64,4.16
2025-12-25T22:41:14.502175,ETHUSDT,2937.63,4.95,2937.64,8.18
2025-12-25T22:41:14.602807,ETHUSDT,2937.63,4.95,2937.64,7.84
2025-12-25T22:41:14.911459,ETHUSDT,2937.63,3.98,2937.64,7.84
2025-12-25T22:41:15.172277,ETHUSDT,2937.63,3.98,2937.64,9.50
2025-12-25T22:41:15.181024,ETHUSDT,2937.63,3.98,2937.64,10.38
2025-12-25T22:41:15.443131,ETHUSDT,2937.63,3.99,2937.64,10.38
2025-12-25T22:41:15.542099,ETHUSDT,2937.63,4.01,2937.64,10.38
2025-12-25T22:41:15.642428,ETHUSDT,2937.63,3.99,2937.64,10.38
2025-12-25T22:41:15.832032,ETHUSDT,2937.63,4.11,2937.64,10.38
2025-12-25T22:41:15.971833,ETHUSDT,2937.63,4.12,2937.64,10.38
2025-12-25T22:41:16.242258,ETHUSDT,2937.63,4.14,2937.64,10.38
2025-12-25T22:41:16.341891,ETHUSDT,2937.63,4.12,2937.64,10.38
2025-12-25T22:41:16.482030,ETHUSDT,2937.63,4.00,2937.64,10.38
2025-12-25T22:41:16.631779,ETHUSDT,2937.63,4.01,2937.64,10.38
2025-12-25T22:41:16.641537,ETHUSDT,2937.63,4.13,2937.64,10.38
2025-12-25T22:41:17.293953,ETHUSDT,2937.63,4.15,2937.64,10.38
2025-12-25T22:41:17.295055,ETHUSDT,2937.63,4.15,2937.64,9.28
2025-12-25T22:41:17.295565,ETHUSDT,2937.63,4.15,2937.64,9.50
2025-12-25T22:41:17.432485,ETHUSDT,2937.63,4.13,2937.64,9.50
2025-12-25T22:41:18.121505,ETHUSDT,2937.63,0.55,2937.64,21.65
2025-12-25T22:41:18.132444,ETHUSDT,2937.43,0.01,2937.45,10.49
2025-12-25T22:41:18.141175,ETHUSDT,2937.25,0.58,2937.26,2.17
2025-12-25T22:41:18.152465,ETHUSDT,2937.25,6.95,2937.26,28.75
2025-12-25T22:41:18.161343,ETHUSDT,2937.25,0.59,2937.26,25.99
2025-12-25T22:41:18.171461,ETHUSDT,2937.25,0.89,2937.26,25.99
2025-12-25T22:41:18.181566,ETHUSDT,2937.25,4.35,2937.26,20.47
2025-12-25T22:41:18.213074,ETHUSDT,2937.25,0.89,2937.26,20.47
2025-12-25T22:41:18.221538,ETHUSDT,2937.25,0.59,2937.26,20.47
2025-12-25T22:41:18.241778,ETHUSDT,2937.25,0.91,2937.26,20.47
2025-12-25T22:41:18.291933,ETHUSDT,2937.25,1.35,2937.26,20.47
2025-12-25T22:41:18.301138,ETHUSDT,2937.25,1.09,2937.26,20.47
2025-12-25T22:41:18.321657,ETHUSDT,2937.25,5.32,2937.26,20.47
2025-12-25T22:41:18.352446,ETHUSDT,2937.25,5.02,2937.26,20.47
2025-12-25T22:41:18.362047,ETHUSDT,2937.25,4.81,2937.26,20.47
2025-12-25T22:41:18.442368,ETHUSDT,2937.25,5.10,2937.26,20.47
2025-12-25T22:41:18.461530,ETHUSDT,2937.25,4.19,2937.26,18.22
2025-12-25T22:41:18.493923,ETHUSDT,2937.25,4.15,2937.26,18.22
2025-12-25T22:41:18.500929,ETHUSDT,2937.25,7.61,2937.26,18.22
2025-12-25T22:41:19.082952,ETHUSDT,2937.25,4.15,2937.26,18.22
2025-12-25T22:41:19.095141,ETHUSDT,2937.25,4.15,2937.26,19.10
2025-12-25T22:41:19.152566,ETHUSDT,2937.25,4.16,2937.26,19.10
2025-12-25T22:41:19.172214,ETHUSDT,2937.25,7.63,2937.26,19.10
2025-12-25T22:41:19.222979,ETHUSDT,2937.25,4.12,2937.26,19.10
2025-12-25T22:41:20.011404,ETHUSDT,2937.25,4.12,2937.26,18.74
2025-12-25T22:41:20.021885,ETHUSDT,2937.25,4.12,2937.26,19.10
2025-12-25T22:41:20.056229,ETHUSDT,2937.25,7.58,2937.26,19.10
2025-12-25T22:41:20.371985,ETHUSDT,2937.25,4.12,2937.26,19.10
2025-12-25T22:41:20.778503,ETHUSDT,2937.25,4.12,2937.26,19.22
2025-12-25T22:41:21.604225,ETHUSDT,2937.25,3.92,2937.26,19.22
2025-12-25T22:41:22.012830,ETHUSDT,2937.25,3.93,2937.26,19.22
2025-12-25T22:41:22.311735,ETHUSDT,2937.25,3.94,2937.26,19.22
2025-12-25T22:41:22.372316,ETHUSDT,2937.10,0.44,2937.13,2.97
2025-12-25T22:41:22.382139,ETHUSDT,2937.04,0.82,2937.05,28.71
2025-12-25T22:41:22.398204,ETHUSDT,2937.00,520.33,2937.01,12.40
2025-12-25T22:41:22.401899,ETHUSDT,2937.00,520.32,2937.01,16.43
2025-12-25T22:41:22.411360,ETHUSDT,2937.00,520.32,2937.01,16.15
2025-12-25T22:41:22.421242,ETHUSDT,2937.00,521.30,2937.01,15.82
2025-12-25T22:41:22.441374,ETHUSDT,2937.00,521.30,2937.01,13.22
2025-12-25T22:41:22.471986,ETHUSDT,2937.00,521.30,2937.01,14.82
2025-12-25T22:41:22.491920,ETHUSDT,2937.00,521.30,2937.01,13.22
2025-12-25T22:41:22.532258,ETHUSDT,2937.00,521.84,2937.01,13.22
2025-12-25T22:41:22.542127,ETHUSDT,2937.00,521.86,2937.01,13.22
2025-12-25T22:41:22.551796,ETHUSDT,2937.00,521.86,2937.01,12.34
2025-12-25T22:41:22.572431,ETHUSDT,2937.00,520.88,2937.01,12.34
2025-12-25T22:41:22.581427,ETHUSDT,2937.00,521.89,2937.01,12.34
2025-12-25T22:41:22.591416,ETHUSDT,2937.00,520.88,2937.01,12.34
2025-12-25T22:41:22.601480,ETHUSDT,2937.00,521.90,2937.01,12.34
2025-12-25T22:41:22.621851,ETHUSDT,2937.00,520.88,2937.01,12.34
2025-12-25T22:41:22.642328,ETHUSDT,2937.00,521.91,2937.01,12.34
2025-12-25T22:41:22.652011,ETHUSDT,2937.00,520.88,2937.01,12.34
2025-12-25T22:41:22.702034,ETHUSDT,2937.00,521.92,2937.01,12.34
2025-12-25T22:41:22.731848,ETHUSDT,2937.00,520.88,2937.01,12.34
2025-12-25T22:41:22.742095,ETHUSDT,2937.00,521.93,2937.01,12.34
2025-12-25T22:41:22.751700,ETHUSDT,2937.00,520.88,2937.01,12.34
2025-12-25T22:41:22.761330,ETHUSDT,2937.00,520.88,2937.01,12.71
2025-12-25T22:41:22.781453,ETHUSDT,2937.00,521.95,2937.01,12.34
2025-12-25T22:41:22.791668,ETHUSDT,2937.00,520.88,2937.01,12.34
2025-12-25T22:41:22.861943,ETHUSDT,2937.00,520.89,2937.01,12.34
2025-12-25T22:41:22.871988,ETHUSDT,2937.00,520.89,2937.01,13.94
2025-12-25T22:41:22.972999,ETHUSDT,2937.00,520.89,2937.01,14.31
2025-12-25T22:41:23.026156,ETHUSDT,2937.00,522.03,2937.01,13.94
2025-12-25T22:41:23.041841,ETHUSDT,2937.00,522.04,2937.01,13.94
2025-12-25T22:41:23.052163,ETHUSDT,2937.00,520.89,2937.01,13.94
2025-12-25T22:41:23.122834,ETHUSDT,2937.00,522.06,2937.01,13.94
2025-12-25T22:41:23.131909,ETHUSDT,2937.00,520.89,2937.01,13.94
2025-12-25T22:41:23.172419,ETHUSDT,2937.00,520.90,2937.01,13.94
2025-12-25T22:41:23.181780,ETHUSDT,2937.00,520.88,2937.01,13.94
2025-12-25T22:41:23.201999,ETHUSDT,2937.00,522.07,2937.01,13.94
2025-12-25T22:41:23.211249,ETHUSDT,2937.00,520.88,2937.01,13.94
2025-12-25T22:41:23.352003,ETHUSDT,2936.90,0.77,2936.91,8.25
2025-12-25T22:41:23.362445,ETHUSDT,2936.84,3.35,2936.85,45.84
2025-12-25T22:41:23.371895,ETHUSDT,2936.84,3.35,2936.85,44.80
2025-12-25T22:41:23.382220,ETHUSDT,2936.74,1.67,2936.75,35.37
2025-12-25T22:41:23.398056,ETHUSDT,2936.72,0.32,2936.73,23.02
2025-12-25T22:41:23.411758,ETHUSDT,2936.70,0.02,2936.71,20.48
2025-12-25T22:41:23.421641,ETHUSDT,2936.70,0.03,2936.71,20.49
2025-12-25T22:41:23.451509,ETHUSDT,2936.70,0.33,2936.71,15.92
2025-12-25T22:41:23.472049,ETHUSDT,2936.70,3.79,2936.71,15.92
2025-12-25T22:41:23.522023,ETHUSDT,2936.70,3.79,2936.71,17.58
2025-12-25T22:41:23.542142,ETHUSDT,2936.70,3.81,2936.71,17.58
2025-12-25T22:41:23.581931,ETHUSDT,2936.70,4.36,2936.71,17.58
2025-12-25T22:41:23.970037,ETHUSDT,2936.70,4.29,2936.71,17.58
2025-12-25T22:41:24.173789,ETHUSDT,2936.70,5.57,2936.71,17.58
2025-12-25T22:41:24.570395,ETHUSDT,2936.70,5.57,2936.71,11.23
2025-12-25T22:41:24.571507,ETHUSDT,2936.70,5.55,2936.71,11.23
2025-12-25T22:41:24.752722,ETHUSDT,2936.70,5.56,2936.71,11.23
2025-12-25T22:41:25.852894,ETHUSDT,2936.70,5.55,2936.71,11.23
2025-12-25T22:41:25.861285,ETHUSDT,2936.70,5.55,2936.71,9.89
2025-12-25T22:41:25.922942,ETHUSDT,2936.70,5.56,2936.71,9.89
2025-12-25T22:41:26.112211,ETHUSDT,2936.70,5.55,2936.71,9.89
2025-12-25T22:41:26.163070,ETHUSDT,2936.70,5.55,2936.71,6.38
2025-12-25T22:41:26.294207,ETHUSDT,2936.70,5.55,2936.71,6.00
2025-12-25T22:41:26.522541,ETHUSDT,2936.70,5.55,2936.71,6.41
2025-12-25T22:41:27.224998,ETHUSDT,2936.70,5.57,2936.71,6.41
2025-12-25T22:41:27.534080,ETHUSDT,2936.70,5.57,2936.71,6.49
2025-12-25T22:41:27.534983,ETHUSDT,2936.70,7.80,2936.71,6.49
2025-12-25T22:41:27.642460,ETHUSDT,2936.70,7.80,2936.71,6.08
2025-12-25T22:41:27.652055,ETHUSDT,2936.70,7.80,2936.71,6.49
2025-12-25T22:41:27.792786,ETHUSDT,2936.70,7.80,2936.71,6.08
2025-12-25T22:41:27.801903,ETHUSDT,2936.70,7.80,2936.71,6.49
2025-12-25T22:41:27.942111,ETHUSDT,2936.70,7.80,2936.71,6.08
2025-12-25T22:41:27.951956,ETHUSDT,2936.70,7.80,2936.71,6.06
2025-12-25T22:41:27.961724,ETHUSDT,2936.70,7.82,2936.71,6.47
2025-12-25T22:41:28.251247,ETHUSDT,2936.70,5.65,2936.71,6.47
2025-12-25T22:41:28.252314,ETHUSDT,2936.70,2.19,2936.71,6.47
2025-12-25T22:41:28.442190,ETHUSDT,2936.70,2.19,2936.71,10.65
2025-12-25T22:41:28.453231,ETHUSDT,2936.70,1.89,2936.71,10.65
2025-12-25T22:41:28.461553,ETHUSDT,2936.70,2.17,2936.71,10.65
2025-12-25T22:41:28.481556,ETHUSDT,2936.70,2.16,2936.71,10.65
2025-12-25T22:41:28.556236,ETHUSDT,2936.67,0.03,2936.70,1.60
2025-12-25T22:41:28.562116,ETHUSDT,2936.64,0.01,2936.65,26.89
2025-12-25T22:41:28.571719,ETHUSDT,2936.62,1.01,2936.63,36.69
2025-12-25T22:41:28.581537,ETHUSDT,2936.62,1.01,2936.63,38.97
2025-12-25T22:41:28.631788,ETHUSDT,2936.62,1.36,2936.63,38.97
2025-12-25T22:41:28.692696,ETHUSDT,2936.58,0.21,2936.62,3.67
2025-12-25T22:41:28.701324,ETHUSDT,2936.58,0.54,2936.59,30.42
2025-12-25T22:41:28.711686,ETHUSDT,2936.58,0.56,2936.59,32.08
2025-12-25T22:41:28.731781,ETHUSDT,2936.58,0.56,2936.59,24.59
2025-12-25T22:41:28.771524,ETHUSDT,2936.58,0.66,2936.59,24.59
2025-12-25T22:41:28.791490,ETHUSDT,2936.58,0.66,2936.59,16.65
2025-12-25T22:41:28.822729,ETHUSDT,2936.58,1.54,2936.59,16.65
2025-12-25T22:41:28.841749,ETHUSDT,2936.58,1.66,2936.59,16.65
2025-12-25T22:41:28.871532,ETHUSDT,2936.40,4.42,2936.41,12.99
2025-12-25T22:41:28.881422,ETHUSDT,2936.40,4.39,2936.41,14.77
2025-12-25T22:41:28.896403,ETHUSDT,2936.40,3.46,2936.41,15.65
2025-12-25T22:41:28.912566,ETHUSDT,2936.40,3.46,2936.41,11.45
2025-12-25T22:41:28.994535,ETHUSDT,2936.40,4.02,2936.41,11.45
2025-12-25T22:41:29.001312,ETHUSDT,2936.40,4.02,2936.41,13.11
2025-12-25T22:41:29.051997,ETHUSDT,2936.40,0.86,2936.41,13.11
2025-12-25T22:41:29.061511,ETHUSDT,2936.40,0.56,2936.41,13.11
2025-12-25T22:41:29.081526,ETHUSDT,2936.40,0.19,2936.41,13.11
2025-12-25T22:41:29.097037,ETHUSDT,2936.28,4.13,2936.29,18.74
2025-12-25T22:41:29.101568,ETHUSDT,2936.28,4.13,2936.29,16.84
2025-12-25T22:41:29.122076,ETHUSDT,2936.28,4.13,2936.29,16.49
2025-12-25T22:41:29.222660,ETHUSDT,2936.28,4.13,2936.29,14.61
2025-12-25T22:41:29.231948,ETHUSDT,2936.28,4.33,2936.29,10.83
2025-12-25T22:41:29.362742,ETHUSDT,2936.28,4.33,2936.29,10.67
2025-12-25T22:41:29.562130,ETHUSDT,2936.28,4.33,2936.29,10.48
2025-12-25T22:41:30.198737,ETHUSDT,2936.20,0.01,2936.23,0.02
2025-12-25T22:41:30.199458,ETHUSDT,2936.18,1.30,2936.19,63.28
2025-12-25T22:41:30.199888,ETHUSDT,2936.18,0.83,2936.19,56.24
2025-12-25T22:41:30.200658,ETHUSDT,2935.84,0.39,2936.01,26.40
2025-12-25T22:41:30.201133,ETHUSDT,2935.33,2.71,2935.34,4.20
2025-12-25T22:41:30.212222,ETHUSDT,2935.07,1.19,2935.15,0.02
2025-12-25T22:41:30.221981,ETHUSDT,2935.37,4.18,2935.39,3.76
2025-12-25T22:41:30.232392,ETHUSDT,2935.32,2.06,2935.33,5.63
2025-12-25T22:41:30.241717,ETHUSDT,2934.37,0.04,2934.39,2.14
2025-12-25T22:41:30.252081,ETHUSDT,2935.26,0.57,2935.33,1.17
2025-12-25T22:41:30.261419,ETHUSDT,2935.24,0.50,2935.25,12.83
2025-12-25T22:41:30.271850,ETHUSDT,2935.24,6.28,2935.25,6.33
2025-12-25T22:41:30.281374,ETHUSDT,2935.24,7.17,2935.25,6.03
2025-12-25T22:41:30.296966,ETHUSDT,2935.24,7.02,2935.25,6.03
2025-12-25T22:41:30.301315,ETHUSDT,2935.24,7.02,2935.25,2.57
2025-12-25T22:41:30.311600,ETHUSDT,2935.24,7.02,2935.25,4.94
2025-12-25T22:41:30.322323,ETHUSDT,2935.24,8.03,2935.25,4.92
2025-12-25T22:41:30.331838,ETHUSDT,2935.24,7.02,2935.25,5.34
2025-12-25T22:41:30.341296,ETHUSDT,2935.24,6.81,2935.25,6.94
2025-12-25T22:41:30.363624,ETHUSDT,2935.24,8.03,2935.25,8.80
2025-12-25T22:41:30.364576,ETHUSDT,2935.24,8.61,2935.25,8.98
2025-12-25T22:41:30.371670,ETHUSDT,2935.24,8.62,2935.25,8.98
2025-12-25T22:41:30.399230,ETHUSDT,2935.24,6.09,2935.25,8.98
2025-12-25T22:41:30.400611,ETHUSDT,2935.24,7.86,2935.25,8.98
2025-12-25T22:41:30.411809,ETHUSDT,2935.24,5.66,2935.25,8.98
2025-12-25T22:41:30.421933,ETHUSDT,2935.24,5.66,2935.25,14.12
2025-12-25T22:41:30.431681,ETHUSDT,2935.24,5.20,2935.25,14.35
2025-12-25T22:41:30.441567,ETHUSDT,2935.14,0.01,2935.15,14.06
2025-12-25T22:41:30.451703,ETHUSDT,2934.80,11.71,2934.81,8.40
2025-12-25T22:41:30.461378,ETHUSDT,2934.80,12.60,2934.81,0.44
2025-12-25T22:41:30.481780,ETHUSDT,2934.80,9.27,2934.81,0.44
2025-12-25T22:41:30.501367,ETHUSDT,2934.80,8.42,2934.81,0.46
2025-12-25T22:41:30.521682,ETHUSDT,2934.80,8.42,2934.81,1.36
2025-12-25T22:41:30.541356,ETHUSDT,2934.80,10.86,2934.81,5.12
2025-12-25T22:41:30.551646,ETHUSDT,2934.80,10.86,2934.81,4.63
2025-12-25T22:41:30.561345,ETHUSDT,2934.80,10.86,2934.81,5.05
2025-12-25T22:41:30.571782,ETHUSDT,2934.80,10.87,2934.81,5.05
2025-12-25T22:41:30.592054,ETHUSDT,2934.80,11.45,2934.81,5.05
2025-12-25T22:41:30.621793,ETHUSDT,2934.80,11.45,2934.81,5.07
2025-12-25T22:41:30.631752,ETHUSDT,2934.80,9.85,2934.81,10.13
2025-12-25T22:41:30.641308,ETHUSDT,2934.80,7.68,2934.81,10.13
2025-12-25T22:41:30.651459,ETHUSDT,2934.80,3.92,2934.81,10.13
2025-12-25T22:41:30.662107,ETHUSDT,2934.80,3.03,2934.81,8.53
2025-12-25T22:41:30.812612,ETHUSDT,2934.80,3.03,2934.81,8.43
2025-12-25T22:41:30.821512,ETHUSDT,2934.80,3.92,2934.81,8.43
2025-12-25T22:41:30.841709,ETHUSDT,2934.80,2.70,2934.81,8.43
2025-12-25T22:41:30.942120,ETHUSDT,2934.80,3.92,2934.81,8.43
2025-12-25T22:41:31.022340,ETHUSDT,2934.80,4.09,2934.81,8.43
2025-12-25T22:41:31.162394,ETHUSDT,2934.20,5.72,2934.21,1.69
2025-12-25T22:41:31.171947,ETHUSDT,2934.20,11.20,2934.21,2.00
2025-12-25T22:41:31.182205,ETHUSDT,2934.20,22.28,2934.21,3.54
2025-12-25T22:41:31.197870,ETHUSDT,2934.20,24.11,2934.21,3.53
2025-12-25T22:41:31.201186,ETHUSDT,2934.20,39.44,2934.21,3.53
2025-12-25T22:41:31.211798,ETHUSDT,2934.20,39.51,2934.21,3.53
2025-12-25T22:41:31.221744,ETHUSDT,2934.20,39.44,2934.21,3.53
2025-12-25T22:41:31.232090,ETHUSDT,2934.20,50.36,2934.21,3.53
2025-12-25T22:41:31.249367,ETHUSDT,2934.12,0.18,2934.13,1.09
2025-12-25T22:41:31.252910,ETHUSDT,2934.03,2.01,2934.04,13.19
2025-12-25T22:41:31.261245,ETHUSDT,2934.00,2.61,2934.01,22.03
2025-12-25T22:41:31.272023,ETHUSDT,2933.52,1.37,2933.55,2.57
2025-12-25T22:41:31.281661,ETHUSDT,2933.23,0.35,2933.25,9.42
2025-12-25T22:41:31.291999,ETHUSDT,2933.06,8.28,2933.07,9.35
2025-12-25T22:41:31.301311,ETHUSDT,2932.83,0.66,2932.93,1.09
2025-12-25T22:41:31.312699,ETHUSDT,2932.39,0.12,2932.44,2.83
2025-12-25T22:41:31.321362,ETHUSDT,2932.32,1.27,2932.36,0.42
2025-12-25T22:41:31.332086,ETHUSDT,2932.43,12.66,2932.47,0.02
2025-12-25T22:41:31.341500,ETHUSDT,2932.55,12.83,2932.56,0.01
2025-12-25T22:41:31.351892,ETHUSDT,2932.58,37.29,2932.59,3.10
2025-12-25T22:41:31.361673,ETHUSDT,2932.58,32.93,2932.59,0.65
2025-12-25T22:41:31.371618,ETHUSDT,2932.59,28.76,2932.60,2.58
2025-12-25T22:41:31.381282,ETHUSDT,2932.77,16.34,2932.78,2.34
2025-12-25T22:41:31.391725,ETHUSDT,2932.77,20.08,2932.78,3.32
2025-12-25T22:41:31.401422,ETHUSDT,2932.79,7.68,2932.80,0.01
2025-12-25T22:41:31.411679,ETHUSDT,2932.79,16.20,2932.80,0.27
2025-12-25T22:41:31.422719,ETHUSDT,2932.79,11.80,2932.80,0.27
2025-12-25T22:41:31.431520,ETHUSDT,2932.79,11.80,2932.80,4.45
2025-12-25T22:41:31.441966,ETHUSDT,2932.79,9.17,2932.80,5.54
2025-12-25T22:41:31.451694,ETHUSDT,2932.79,9.69,2932.80,4.20
2025-12-25T22:41:31.473700,ETHUSDT,2932.79,9.51,2932.80,4.21
2025-12-25T22:41:31.497359,ETHUSDT,2932.79,9.51,2932.80,3.66
2025-12-25T22:41:31.501271,ETHUSDT,2932.79,9.44,2932.80,3.66
2025-12-25T22:41:31.515564,ETHUSDT,2932.79,11.14,2932.80,3.66
2025-12-25T22:41:31.525257,ETHUSDT,2932.79,6.68,2932.80,6.46
2025-12-25T22:41:31.531577,ETHUSDT,2932.67,2.57,2932.68,18.75
2025-12-25T22:41:31.545706,ETHUSDT,2932.67,49.65,2932.68,24.90
2025-12-25T22:41:31.552715,ETHUSDT,2932.67,43.97,2932.68,12.13
2025-12-25T22:41:31.561546,ETHUSDT,2932.67,44.97,2932.68,11.71
2025-12-25T22:41:31.571879,ETHUSDT,2932.67,44.97,2932.68,9.81
2025-12-25T22:41:31.581728,ETHUSDT,2932.67,41.35,2932.68,12.60
2025-12-25T22:41:31.595740,ETHUSDT,2932.67,40.85,2932.68,12.60
2025-12-25T22:41:31.611683,ETHUSDT,2932.67,36.77,2932.68,12.60
2025-12-25T22:41:31.621597,ETHUSDT,2932.67,36.77,2932.68,12.77
2025-12-25T22:41:31.633088,ETHUSDT,2932.67,35.29,2932.68,12.77
2025-12-25T22:41:31.651621,ETHUSDT,2932.67,75.00,2932.68,15.35
2025-12-25T22:41:31.664982,ETHUSDT,2932.67,66.78,2932.68,15.35
2025-12-25T22:41:31.681927,ETHUSDT,2932.67,66.84,2932.68,15.35
2025-12-25T22:41:31.695388,ETHUSDT,2932.67,66.84,2932.68,16.95
2025-12-25T22:41:31.701492,ETHUSDT,2932.67,67.01,2932.68,16.95
2025-12-25T22:41:31.742293,ETHUSDT,2932.67,68.05,2932.68,16.53
2025-12-25T22:41:31.751923,ETHUSDT,2932.67,67.88,2932.68,16.53
2025-12-25T22:41:31.771744,ETHUSDT,2932.67,66.88,2932.68,16.96
2025-12-25T22:41:31.801571,ETHUSDT,2932.67,66.73,2932.68,16.96
2025-12-25T22:41:31.832452,ETHUSDT,2932.67,67.07,2932.68,16.96
2025-12-25T22:41:31.841602,ETHUSDT,2932.67,67.07,2932.68,17.61
2025-12-25T22:41:31.871559,ETHUSDT,2932.67,67.07,2932.68,17.60
2025-12-25T22:41:31.881853,ETHUSDT,2932.67,67.07,2932.68,17.54
2025-12-25T22:41:31.901307,ETHUSDT,2932.67,67.08,2932.68,17.54
2025-12-25T22:41:31.911579,ETHUSDT,2932.67,66.74,2932.68,17.54
2025-12-25T22:41:31.983688,ETHUSDT,2932.67,66.73,2932.68,17.54
2025-12-25T22:41:32.001398,ETHUSDT,2932.67,66.71,2932.68,18.34
2025-12-25T22:41:32.011759,ETHUSDT,2932.67,66.71,2932.68,17.54
2025-12-25T22:41:32.052246,ETHUSDT,2932.67,3.16,2932.68,38.52
2025-12-25T22:41:32.061557,ETHUSDT,2932.67,0.40,2932.68,43.69
2025-12-25T22:41:32.071661,ETHUSDT,2932.48,31.70,2932.49,8.31
2025-12-25T22:41:32.081351,ETHUSDT,2932.48,24.32,2932.49,20.43
2025-12-25T22:41:32.097212,ETHUSDT,2932.23,0.10,2932.24,28.89
2025-12-25T22:41:32.101194,ETHUSDT,2932.23,0.81,2932.24,29.21
2025-12-25T22:41:32.112319,ETHUSDT,2932.10,0.02,2932.11,0.70
2025-12-25T22:41:32.121374,ETHUSDT,2932.05,1.42,2932.11,27.61
2025-12-25T22:41:32.131828,ETHUSDT,2932.03,0.13,2932.04,10.82
2025-12-25T22:41:32.141296,ETHUSDT,2932.00,1.41,2932.01,19.26
2025-12-25T22:41:32.153367,ETHUSDT,2931.69,3.95,2931.75,10.64
2025-12-25T22:41:32.161365,ETHUSDT,2930.96,0.01,2931.90,4.87
2025-12-25T22:41:32.176857,ETHUSDT,2929.70,0.18,2929.93,1.43
2025-12-25T22:41:32.188407,ETHUSDT,2928.00,51.22,2929.47,0.31
2025-12-25T22:41:32.205776,ETHUSDT,2927.93,3.13,2928.00,3.70
2025-12-25T22:41:32.215561,ETHUSDT,2928.35,0.10,2928.57,0.01
2025-12-25T22:41:32.220820,ETHUSDT,2928.35,1.89,2928.40,0.01
2025-12-25T22:41:32.222574,ETHUSDT,2928.37,24.35,2928.59,0.53
2025-12-25T22:41:32.232423,ETHUSDT,2928.86,8.47,2928.87,0.01
2025-12-25T22:41:32.242287,ETHUSDT,2929.10,28.47,2929.11,0.18
2025-12-25T22:41:32.252044,ETHUSDT,2929.21,0.26,2929.22,0.07
2025-12-25T22:41:32.261016,ETHUSDT,2929.21,27.83,2929.22,3.87
2025-12-25T22:41:32.274899,ETHUSDT,2929.21,31.05,2929.22,6.48
2025-12-25T22:41:32.281884,ETHUSDT,2929.21,18.51,2929.22,7.86
2025-12-25T22:41:32.292545,ETHUSDT,2929.10,5.19,2929.12,0.17
2025-12-25T22:41:32.303688,ETHUSDT,2929.10,1.02,2929.11,7.38
2025-12-25T22:41:32.313136,ETHUSDT,2929.10,1.00,2929.11,11.73
2025-12-25T22:41:32.321584,ETHUSDT,2929.01,0.35,2929.02,6.35
2025-12-25T22:41:32.332033,ETHUSDT,2929.01,3.86,2929.02,22.41
2025-12-25T22:41:32.344337,ETHUSDT,2929.01,39.69,2929.02,21.73
2025-12-25T22:41:32.353529,ETHUSDT,2929.01,93.70,2929.02,12.71
2025-12-25T22:41:32.361826,ETHUSDT,2929.02,11.57,2929.03,4.04
2025-12-25T22:41:32.371329,ETHUSDT,2929.02,8.08,2929.03,11.23
2025-12-25T22:41:32.381515,ETHUSDT,2929.02,6.77,2929.03,7.76
2025-12-25T22:41:32.398119,ETHUSDT,2929.02,16.13,2929.03,8.04
2025-12-25T22:41:32.414150,ETHUSDT,2929.02,16.20,2929.03,8.17
2025-12-25T22:41:32.421682,ETHUSDT,2929.02,16.20,2929.03,8.26
2025-12-25T22:41:32.431354,ETHUSDT,2929.02,14.86,2929.03,11.72
2025-12-25T22:41:32.441356,ETHUSDT,2929.02,13.10,2929.03,18.28
2025-12-25T22:41:32.451831,ETHUSDT,2929.02,13.65,2929.03,18.28
2025-12-25T22:41:32.461635,ETHUSDT,2929.02,9.34,2929.03,18.21
2025-12-25T22:41:32.471710,ETHUSDT,2929.02,10.38,2929.03,19.71
2025-12-25T22:41:32.491584,ETHUSDT,2929.06,2.17,2929.07,6.58
2025-12-25T22:41:32.502565,ETHUSDT,2929.06,23.55,2929.07,7.45
2025-12-25T22:41:32.512314,ETHUSDT,2929.06,24.51,2929.07,7.45
2025-12-25T22:41:32.521738,ETHUSDT,2929.06,21.63,2929.07,7.13
2025-12-25T22:41:32.532263,ETHUSDT,2929.06,20.55,2929.07,6.16
2025-12-25T22:41:32.541636,ETHUSDT,2929.06,20.55,2929.07,6.47
2025-12-25T22:41:32.552367,ETHUSDT,2929.06,21.40,2929.07,2.29
2025-12-25T22:41:32.572350,ETHUSDT,2929.06,28.80,2929.07,6.46
2025-12-25T22:41:32.582376,ETHUSDT,2929.06,30.97,2929.07,6.46
2025-12-25T22:41:32.595867,ETHUSDT,2929.06,30.98,2929.07,6.46
2025-12-25T22:41:32.602132,ETHUSDT,2929.06,33.15,2929.07,6.46
2025-12-25T22:41:32.613783,ETHUSDT,2929.06,34.61,2929.07,2.72
2025-12-25T22:41:32.622589,ETHUSDT,2929.06,34.85,2929.07,1.54
2025-12-25T22:41:32.631847,ETHUSDT,2929.06,21.97,2929.07,1.23
2025-12-25T22:41:32.641446,ETHUSDT,2929.10,12.57,2929.11,0.43
2025-12-25T22:41:32.652330,ETHUSDT,2929.11,28.71,2929.12,6.87
2025-12-25T22:41:32.663993,ETHUSDT,2929.11,24.65,2929.12,6.87
2025-12-25T22:41:32.676634,ETHUSDT,2929.11,16.15,2929.12,10.33
2025-12-25T22:41:32.681907,ETHUSDT,2929.11,16.22,2929.12,6.87
2025-12-25T22:41:32.696547,ETHUSDT,2929.11,16.77,2929.12,10.33
2025-12-25T22:41:32.701646,ETHUSDT,2929.11,16.77,2929.12,0.17
2025-12-25T22:41:32.711705,ETHUSDT,2929.11,16.77,2929.12,2.79
2025-12-25T22:41:32.727519,ETHUSDT,2929.11,17.62,2929.12,2.79
2025-12-25T22:41:32.747291,ETHUSDT,2929.11,25.02,2929.12,10.34
2025-12-25T22:41:32.747936,ETHUSDT,2929.11,24.17,2929.12,2.79
2025-12-25T22:41:32.754106,ETHUSDT,2929.11,24.17,2929.12,2.99
2025-12-25T22:41:32.761587,ETHUSDT,2929.11,24.51,2929.12,2.99
2025-12-25T22:41:32.773637,ETHUSDT,2929.11,21.05,2929.12,10.79
2025-12-25T22:41:32.792596,ETHUSDT,2929.11,22.75,2929.12,10.79
2025-12-25T22:41:32.813669,ETHUSDT,2929.11,22.76,2929.12,10.79
2025-12-25T22:41:32.826847,ETHUSDT,2929.11,24.46,2929.12,10.79
2025-12-25T22:41:32.844419,ETHUSDT,2929.11,26.16,2929.12,10.79
2025-12-25T22:41:32.856628,ETHUSDT,2929.11,30.23,2929.12,10.11
2025-12-25T22:41:32.864507,ETHUSDT,2929.11,30.33,2929.12,7.76
2025-12-25T22:41:32.871558,ETHUSDT,2929.11,30.09,2929.12,7.96
2025-12-25T22:41:32.881402,ETHUSDT,2929.11,30.09,2929.12,7.91
2025-12-25T22:41:32.891835,ETHUSDT,2929.11,28.47,2929.12,7.91
2025-12-25T22:41:32.901561,ETHUSDT,2929.11,28.47,2929.12,11.37
2025-12-25T22:41:32.931545,ETHUSDT,2929.11,28.49,2929.12,11.37
2025-12-25T22:41:32.941509,ETHUSDT,2929.11,28.49,2929.12,11.36
2025-12-25T22:41:32.951833,ETHUSDT,2929.18,1.44,2929.19,4.04
2025-12-25T22:41:32.961791,ETHUSDT,2929.18,8.99,2929.19,5.65
2025-12-25T22:41:32.972644,ETHUSDT,2929.18,8.14,2929.19,5.65
2025-12-25T22:41:32.982580,ETHUSDT,2929.18,9.03,2929.19,5.65
2025-12-25T22:41:32.991235,ETHUSDT,2929.18,10.62,2929.19,5.65
2025-12-25T22:41:33.021639,ETHUSDT,2927.26,0.01,2927.40,0.01
2025-12-25T22:41:33.032243,ETHUSDT,2927.10,0.01,2927.22,0.25
2025-12-25T22:41:33.041185,ETHUSDT,2928.49,5.03,2928.52,0.04
2025-12-25T22:41:33.052026,ETHUSDT,2928.49,13.35,2928.50,1.00
2025-12-25T22:41:33.061172,ETHUSDT,2928.49,11.07,2928.50,3.82
2025-12-25T22:41:33.071667,ETHUSDT,2928.49,11.46,2928.50,2.12
2025-12-25T22:41:33.081499,ETHUSDT,2928.50,28.93,2928.51,0.65
2025-12-25T22:41:33.092034,ETHUSDT,2928.65,29.30,2928.66,4.17
2025-12-25T22:41:33.101504,ETHUSDT,2928.65,22.51,2928.66,5.20
2025-12-25T22:41:33.111524,ETHUSDT,2928.65,22.51,2928.66,4.00
2025-12-25T22:41:33.121429,ETHUSDT,2928.65,22.51,2928.66,0.89
2025-12-25T22:41:33.131871,ETHUSDT,2928.65,22.61,2928.66,1.99
2025-12-25T22:41:33.149117,ETHUSDT,2928.65,22.61,2928.66,1.31
2025-12-25T22:41:33.150815,ETHUSDT,2928.65,24.42,2928.66,1.51
2025-12-25T22:41:33.163661,ETHUSDT,2928.65,24.42,2928.66,2.64
2025-12-25T22:41:33.171422,ETHUSDT,2928.65,61.43,2928.66,2.64
2025-12-25T22:41:33.181371,ETHUSDT,2928.65,54.61,2928.66,6.92
2025-12-25T22:41:33.197826,ETHUSDT,2928.65,54.67,2928.66,6.92
2025-12-25T22:41:33.201268,ETHUSDT,2928.65,54.67,2928.66,8.44
2025-12-25T22:41:33.211494,ETHUSDT,2928.65,54.67,2928.66,8.62
2025-12-25T22:41:33.221625,ETHUSDT,2928.66,6.57,2928.67,1.34
2025-12-25T22:41:33.232034,ETHUSDT,2928.66,6.30,2928.67,5.52
2025-12-25T22:41:33.242122,ETHUSDT,2928.66,10.77,2928.67,5.52
2025-12-25T22:41:33.251744,ETHUSDT,2928.66,14.11,2928.67,5.52
2025-12-25T22:41:33.266370,ETHUSDT,2928.69,24.60,2928.70,0.25
2025-12-25T22:41:33.271767,ETHUSDT,2928.69,38.14,2928.70,1.59
2025-12-25T22:41:33.282018,ETHUSDT,2928.69,27.10,2928.70,2.02
2025-12-25T22:41:33.296598,ETHUSDT,2928.69,32.46,2928.70,1.92
2025-12-25T22:41:33.301615,ETHUSDT,2929.05,3.99,2929.07,0.43
2025-12-25T22:41:33.312029,ETHUSDT,2929.04,2.66,2929.05,13.34
2025-12-25T22:41:33.325027,ETHUSDT,2929.04,3.81,2929.05,13.94
2025-12-25T22:41:33.333836,ETHUSDT,2929.04,6.80,2929.05,26.99
2025-12-25T22:41:33.342599,ETHUSDT,2929.04,5.39,2929.05,26.99
2025-12-25T22:41:33.352000,ETHUSDT,2929.04,8.17,2929.05,28.18
2025-12-25T22:41:33.361867,ETHUSDT,2929.04,8.87,2929.05,28.28
2025-12-25T22:41:33.380712,ETHUSDT,2929.04,8.16,2929.05,28.28
2025-12-25T22:41:33.397687,ETHUSDT,2929.04,5.36,2929.05,18.16
2025-12-25T22:41:33.401679,ETHUSDT,2929.04,11.69,2929.05,18.45
2025-12-25T22:41:33.411235,ETHUSDT,2929.04,8.43,2929.05,18.45
2025-12-25T22:41:33.421623,ETHUSDT,2929.04,9.45,2929.05,18.45
2025-12-25T22:41:33.431935,ETHUSDT,2929.04,8.73,2929.05,18.45
2025-12-25T22:41:33.441302,ETHUSDT,2929.04,7.99,2929.05,18.45
2025-12-25T22:41:33.452011,ETHUSDT,2929.04,12.29,2929.05,23.57
2025-12-25T22:41:33.471869,ETHUSDT,2929.04,13.31,2929.05,20.50
2025-12-25T22:41:33.472428,ETHUSDT,2929.04,13.35,2929.05,20.50
2025-12-25T22:41:33.482338,ETHUSDT,2929.04,13.35,2929.05,11.61
2025-12-25T22:41:33.491869,ETHUSDT,2929.04,18.60,2929.05,11.17
2025-12-25T22:41:33.501877,ETHUSDT,2929.04,18.27,2929.05,11.17
2025-12-25T22:41:33.511745,ETHUSDT,2929.05,9.17,2929.06,11.96
2025-12-25T22:41:33.521743,ETHUSDT,2929.05,2.06,2929.06,13.44
2025-12-25T22:41:33.531446,ETHUSDT,2929.05,9.70,2929.06,13.44
2025-12-25T22:41:33.541462,ETHUSDT,2929.05,9.70,2929.06,9.98
2025-12-25T22:41:33.592281,ETHUSDT,2929.05,40.18,2929.06,22.95
2025-12-25T22:41:33.601765,ETHUSDT,2929.05,40.06,2929.06,20.57
2025-12-25T22:41:33.611704,ETHUSDT,2929.06,35.37,2929.07,8.18
2025-12-25T22:41:33.620976,ETHUSDT,2929.06,25.53,2929.07,8.18
2025-12-25T22:41:33.631585,ETHUSDT,2929.06,127.13,2929.07,8.18
2025-12-25T22:41:33.642049,ETHUSDT,2929.06,127.84,2929.07,8.18
2025-12-25T22:41:33.652038,ETHUSDT,2929.06,131.34,2929.07,8.18
2025-12-25T22:41:33.681541,ETHUSDT,2929.06,131.33,2929.07,0.56
2025-12-25T22:41:33.694711,ETHUSDT,2929.06,137.18,2929.07,0.56
2025-12-25T22:41:33.711862,ETHUSDT,2929.13,7.60,2929.20,0.01
2025-12-25T22:41:33.722039,ETHUSDT,2929.19,14.52,2929.20,0.01
2025-12-25T22:41:33.731680,ETHUSDT,2929.19,16.15,2929.20,0.01
2025-12-25T22:41:33.752688,ETHUSDT,2930.32,4.13,2930.33,0.30
2025-12-25T22:41:33.761353,ETHUSDT,2930.32,57.78,2930.33,3.46
2025-12-25T22:41:33.772794,ETHUSDT,2930.32,38.37,2930.33,3.74
2025-12-25T22:41:33.781482,ETHUSDT,2930.32,34.91,2930.33,3.76
2025-12-25T22:41:33.799227,ETHUSDT,2930.32,33.88,2930.33,19.58
2025-12-25T22:41:33.812311,ETHUSDT,2930.34,12.50,2930.35,0.07
2025-12-25T22:41:33.822374,ETHUSDT,2930.39,21.50,2930.40,15.05
2025-12-25T22:41:33.832286,ETHUSDT,2930.39,14.44,2930.42,0.05
2025-12-25T22:41:33.844849,ETHUSDT,2930.41,10.86,2930.42,0.35
2025-12-25T22:41:33.851726,ETHUSDT,2930.41,10.27,2930.42,0.35
2025-12-25T22:41:33.861700,ETHUSDT,2930.41,10.34,2930.42,0.35
2025-12-25T22:41:33.871670,ETHUSDT,2930.41,10.27,2930.42,0.35
2025-12-25T22:41:33.881531,ETHUSDT,2930.41,10.34,2930.42,0.35
2025-12-25T22:41:33.891881,ETHUSDT,2930.41,10.27,2930.42,0.09
2025-12-25T22:41:33.901585,ETHUSDT,2930.43,7.55,2930.44,0.25
2025-12-25T22:41:33.911954,ETHUSDT,2930.43,7.24,2930.44,16.45
2025-12-25T22:41:33.922087,ETHUSDT,2930.43,6.94,2930.44,16.79
2025-12-25T22:41:33.931660,ETHUSDT,2930.43,6.99,2930.44,16.79
2025-12-25T22:41:33.943880,ETHUSDT,2929.80,0.03,2929.81,3.96
2025-12-25T22:41:33.961694,ETHUSDT,2929.40,0.30,2929.44,2.17
2025-12-25T22:41:33.971993,ETHUSDT,2929.45,4.30,2929.46,2.49
2025-12-25T22:41:33.983012,ETHUSDT,2929.45,4.52,2929.46,2.19
2025-12-25T22:41:33.999052,ETHUSDT,2929.45,93.77,2929.46,3.37
2025-12-25T22:41:34.002981,ETHUSDT,2929.45,93.87,2929.46,3.37
2025-12-25T22:41:34.012270,ETHUSDT,2929.45,94.95,2929.46,3.37
2025-12-25T22:41:34.021521,ETHUSDT,2929.45,94.13,2929.46,3.37
2025-12-25T22:41:34.031460,ETHUSDT,2929.45,96.86,2929.46,4.22
2025-12-25T22:41:34.041501,ETHUSDT,2929.45,100.98,2929.46,7.68
2025-12-25T22:41:34.071645,ETHUSDT,2929.45,100.32,2929.46,7.68
2025-12-25T22:41:34.085519,ETHUSDT,2929.45,100.32,2929.46,7.25
2025-12-25T22:41:34.096399,ETHUSDT,2929.45,102.76,2929.46,7.25
2025-12-25T22:41:34.111744,ETHUSDT,2929.45,101.06,2929.46,7.69
2025-12-25T22:41:34.121519,ETHUSDT,2929.45,100.96,2929.46,7.69
2025-12-25T22:41:34.131974,ETHUSDT,2929.45,100.96,2929.46,5.52
2025-12-25T22:41:34.141492,ETHUSDT,2929.45,100.41,2929.46,1.21
2025-12-25T22:41:34.151958,ETHUSDT,2929.45,101.22,2929.46,7.14
2025-12-25T22:41:34.161632,ETHUSDT,2929.08,0.01,2929.09,29.44
2025-12-25T22:41:34.172153,ETHUSDT,2929.04,0.80,2929.05,29.30
2025-12-25T22:41:34.181529,ETHUSDT,2929.04,1.80,2929.05,29.30
2025-12-25T22:41:34.192141,ETHUSDT,2929.04,1.75,2929.05,28.51
2025-12-25T22:41:34.201387,ETHUSDT,2929.04,1.85,2929.05,28.51
2025-12-25T22:41:34.211897,ETHUSDT,2929.04,90.64,2929.05,28.51
2025-12-25T22:41:34.221524,ETHUSDT,2929.04,97.13,2929.05,28.50
2025-12-25T22:41:34.231771,ETHUSDT,2929.04,98.17,2929.05,18.97
2025-12-25T22:41:34.242268,ETHUSDT,2929.04,98.17,2929.05,12.46
2025-12-25T22:41:34.254515,ETHUSDT,2929.55,9.66,2929.56,2.33
2025-12-25T22:41:34.261571,ETHUSDT,2929.54,0.20,2929.55,0.10
2025-12-25T22:41:34.271755,ETHUSDT,2929.54,4.21,2929.55,6.63
2025-12-25T22:41:34.281272,ETHUSDT,2929.54,3.18,2929.55,6.63
2025-12-25T22:41:34.298301,ETHUSDT,2929.54,6.04,2929.55,4.02
2025-12-25T22:41:34.331674,ETHUSDT,2929.54,9.71,2929.55,4.46
2025-12-25T22:41:34.341598,ETHUSDT,2929.54,9.73,2929.55,4.02
2025-12-25T22:41:34.351827,ETHUSDT,2929.54,6.48,2929.55,4.01
2025-12-25T22:41:34.361314,ETHUSDT,2929.54,6.48,2929.55,5.72
2025-12-25T22:41:34.384664,ETHUSDT,2929.54,10.73,2929.55,5.42
2025-12-25T22:41:34.392661,ETHUSDT,2929.54,13.02,2929.55,5.42
2025-12-25T22:41:34.401530,ETHUSDT,2929.55,1.18,2929.56,7.45
2025-12-25T22:41:34.412205,ETHUSDT,2929.55,2.46,2929.56,24.27
2025-12-25T22:41:34.421584,ETHUSDT,2929.55,2.16,2929.56,24.27
2025-12-25T22:41:34.431874,ETHUSDT,2929.55,6.42,2929.56,25.12
2025-12-25T22:41:34.441523,ETHUSDT,2929.55,4.07,2929.56,29.86
2025-12-25T22:41:34.451854,ETHUSDT,2929.55,5.98,2929.56,29.85
2025-12-25T22:41:34.461237,ETHUSDT,2929.55,5.98,2929.56,25.55
2025-12-25T22:41:34.471374,ETHUSDT,2929.55,5.98,2929.56,29.85
2025-12-25T22:41:34.481480,ETHUSDT,2929.55,4.96,2929.56,29.85
2025-12-25T22:41:34.495039,ETHUSDT,2929.55,5.39,2929.56,29.85
2025-12-25T22:41:34.501235,ETHUSDT,2929.55,5.34,2929.56,34.39
2025-12-25T22:41:34.511962,ETHUSDT,2929.55,4.81,2929.56,36.10
2025-12-25T22:41:34.562370,ETHUSDT,2929.55,4.81,2929.56,36.14
2025-12-25T22:41:34.572990,ETHUSDT,2929.55,5.85,2929.56,34.04
2025-12-25T22:41:34.582608,ETHUSDT,2929.55,4.81,2929.56,30.18
2025-12-25T22:41:34.597532,ETHUSDT,2929.55,8.63,2929.56,30.18
2025-12-25T22:41:34.643581,ETHUSDT,2929.55,8.63,2929.56,26.52
2025-12-25T22:41:34.651324,ETHUSDT,2929.55,9.67,2929.56,26.50
2025-12-25T22:41:34.661995,ETHUSDT,2929.55,9.67,2929.56,26.55
2025-12-25T22:41:34.672044,ETHUSDT,2929.55,8.63,2929.56,26.55
2025-12-25T22:41:34.681783,ETHUSDT,2929.55,8.63,2929.56,35.06
2025-12-25T22:41:34.701815,ETHUSDT,2929.55,8.63,2929.56,35.33
2025-12-25T22:41:34.722183,ETHUSDT,2929.55,8.63,2929.56,35.54
2025-12-25T22:41:34.741671,ETHUSDT,2929.55,7.20,2929.56,31.33
2025-12-25T22:41:34.781809,ETHUSDT,2929.55,7.10,2929.56,31.70
2025-12-25T22:41:34.793317,ETHUSDT,2929.55,7.10,2929.56,31.73
2025-12-25T22:41:34.812059,ETHUSDT,2929.55,7.10,2929.56,27.43
2025-12-25T22:41:34.822943,ETHUSDT,2929.55,7.10,2929.56,31.73
2025-12-25T22:41:34.831789,ETHUSDT,2929.55,7.10,2929.56,31.67
2025-12-25T22:41:34.842055,ETHUSDT,2929.55,10.90,2929.56,31.67
2025-12-25T22:41:34.853998,ETHUSDT,2929.55,12.55,2929.56,31.67
2025-12-25T22:41:34.861627,ETHUSDT,2929.55,11.50,2929.56,31.67
2025-12-25T22:41:34.871625,ETHUSDT,2929.55,11.50,2929.56,31.62
2025-12-25T22:41:34.881956,ETHUSDT,2929.55,12.55,2929.56,35.89
2025-12-25T22:41:34.891810,ETHUSDT,2929.55,11.50,2929.56,35.89
2025-12-25T22:41:34.904632,ETHUSDT,2929.55,11.50,2929.56,38.83
2025-12-25T22:41:34.911451,ETHUSDT,2929.55,11.50,2929.56,38.73
2025-12-25T22:41:34.941521,ETHUSDT,2929.55,11.50,2929.56,38.79
2025-12-25T22:41:34.962023,ETHUSDT,2929.55,11.50,2929.56,38.77
2025-12-25T22:41:34.982111,ETHUSDT,2929.55,11.39,2929.56,52.73
2025-12-25T22:41:34.993689,ETHUSDT,2929.55,11.39,2929.56,52.70
2025-12-25T22:41:35.001666,ETHUSDT,2929.55,9.59,2929.56,48.43
2025-12-25T22:41:35.011690,ETHUSDT,2929.55,1.71,2929.56,47.08
2025-12-25T22:41:35.021524,ETHUSDT,2929.35,0.28,2929.36,27.95
2025-12-25T22:41:35.032966,ETHUSDT,2929.35,2.15,2929.36,26.37
2025-12-25T22:41:35.041426,ETHUSDT,2929.35,6.35,2929.36,26.37
2025-12-25T22:41:35.051865,ETHUSDT,2929.35,6.45,2929.36,18.99
2025-12-25T22:41:35.064575,ETHUSDT,2929.35,6.44,2929.36,31.41
2025-12-25T22:41:35.071643,ETHUSDT,2929.35,6.44,2929.36,29.90
2025-12-25T22:41:35.081445,ETHUSDT,2929.35,6.58,2929.36,46.97
2025-12-25T22:41:35.091536,ETHUSDT,2929.35,8.65,2929.36,48.68
2025-12-25T22:41:35.101918,ETHUSDT,2929.35,10.68,2929.36,61.75
2025-12-25T22:41:35.111562,ETHUSDT,2929.35,11.28,2929.36,61.75
2025-12-25T22:41:35.121513,ETHUSDT,2929.35,11.27,2929.36,61.75
2025-12-25T22:41:35.131738,ETHUSDT,2929.35,9.46,2929.36,61.75
2025-12-25T22:41:35.141332,ETHUSDT,2929.35,9.87,2929.36,57.54
2025-12-25T22:41:35.151863,ETHUSDT,2929.35,1.60,2929.36,68.27
2025-12-25T22:41:35.161686,ETHUSDT,2929.04,0.02,2929.05,31.28
2025-12-25T22:41:35.171744,ETHUSDT,2929.04,0.12,2929.05,37.17
2025-12-25T22:41:35.181814,ETHUSDT,2928.78,9.07,2928.79,40.83
2025-12-25T22:41:35.192153,ETHUSDT,2928.78,9.07,2928.79,35.69
2025-12-25T22:41:35.201786,ETHUSDT,2928.78,9.07,2928.79,43.01
2025-12-25T22:41:35.211976,ETHUSDT,2928.78,8.87,2928.79,43.01
2025-12-25T22:41:35.221842,ETHUSDT,2928.78,8.83,2928.79,43.01
2025-12-25T22:41:35.237790,ETHUSDT,2928.70,4.38,2928.71,30.52
2025-12-25T22:41:35.244883,ETHUSDT,2928.70,4.37,2928.71,45.39
2025-12-25T22:41:35.255854,ETHUSDT,2928.70,4.37,2928.71,47.58
2025-12-25T22:41:35.280696,ETHUSDT,2928.70,4.37,2928.71,47.56
2025-12-25T22:41:35.296200,ETHUSDT,2928.70,10.15,2928.71,47.56
2025-12-25T22:41:35.321421,ETHUSDT,2928.70,10.75,2928.71,43.30
2025-12-25T22:41:35.341743,ETHUSDT,2928.70,10.75,2928.71,45.01
2025-12-25T22:41:35.352356,ETHUSDT,2928.70,16.36,2928.71,46.72
2025-12-25T22:41:35.421893,ETHUSDT,2928.70,16.36,2928.71,46.70
2025-12-25T22:41:35.441828,ETHUSDT,2928.70,14.49,2928.71,46.70
2025-12-25T22:41:35.462126,ETHUSDT,2928.70,14.49,2928.71,46.60
2025-12-25T22:41:35.472290,ETHUSDT,2928.70,14.49,2928.71,53.42
2025-12-25T22:41:35.494651,ETHUSDT,2928.70,14.49,2928.71,46.60
2025-12-25T22:41:35.511973,ETHUSDT,2928.70,14.49,2928.71,46.59
2025-12-25T22:41:35.523727,ETHUSDT,2928.70,14.49,2928.71,46.73
2025-12-25T22:41:35.554129,ETHUSDT,2928.70,14.52,2928.71,46.73
2025-12-25T22:41:35.560909,ETHUSDT,2928.70,14.52,2928.71,46.76
2025-12-25T22:41:35.582218,ETHUSDT,2928.70,14.52,2928.71,46.82
2025-12-25T22:41:35.641795,ETHUSDT,2928.70,14.52,2928.71,46.86
2025-12-25T22:41:35.661537,ETHUSDT,2928.70,14.52,2928.71,46.72
2025-12-25T22:41:35.743600,ETHUSDT,2928.70,14.52,2928.71,46.58
2025-12-25T22:41:35.772328,ETHUSDT,2928.70,14.52,2928.71,46.56
2025-12-25T22:41:35.793544,ETHUSDT,2928.70,14.52,2928.71,46.50
2025-12-25T22:41:35.801374,ETHUSDT,2928.70,14.52,2928.71,46.55
2025-12-25T22:41:35.842872,ETHUSDT,2928.70,14.52,2928.71,38.03
2025-12-25T22:41:35.861557,ETHUSDT,2928.70,14.52,2928.71,38.00
2025-12-25T22:41:35.901685,ETHUSDT,2928.70,14.52,2928.71,37.83
2025-12-25T22:41:35.921989,ETHUSDT,2928.70,12.29,2928.71,37.83
2025-12-25T22:41:35.941251,ETHUSDT,2928.70,12.29,2928.71,37.86
2025-12-25T22:41:35.972674,ETHUSDT,2928.70,12.29,2928.71,37.74
2025-12-25T22:41:36.012158,ETHUSDT,2928.70,12.29,2928.71,37.72
2025-12-25T22:41:36.022292,ETHUSDT,2928.70,12.29,2928.71,37.68
2025-12-25T22:41:36.052211,ETHUSDT,2928.70,12.03,2928.71,37.68
2025-12-25T22:41:36.152711,ETHUSDT,2928.70,12.03,2928.71,37.80
2025-12-25T22:41:36.161608,ETHUSDT,2928.49,0.76,2928.50,3.06
2025-12-25T22:41:36.172456,ETHUSDT,2928.08,5.12,2928.21,12.78
2025-12-25T22:41:36.181879,ETHUSDT,2928.01,0.22,2928.02,20.09
2025-12-25T22:41:36.192110,ETHUSDT,2928.01,9.48,2928.02,20.82
2025-12-25T22:41:36.201905,ETHUSDT,2928.01,4.80,2928.02,28.56
2025-12-25T22:41:36.212765,ETHUSDT,2928.01,4.80,2928.02,28.26
2025-12-25T22:41:36.223193,ETHUSDT,2928.01,8.98,2928.02,28.26
2025-12-25T22:41:36.235811,ETHUSDT,2927.88,0.01,2928.01,2.18
2025-12-25T22:41:36.242076,ETHUSDT,2927.88,6.95,2927.89,13.20
2025-12-25T22:41:36.251790,ETHUSDT,2927.88,1.32,2927.89,15.32
2025-12-25T22:41:36.261615,ETHUSDT,2927.80,1.36,2927.81,15.97
2025-12-25T22:41:36.271690,ETHUSDT,2927.80,1.04,2927.81,18.16
2025-12-25T22:41:36.281727,ETHUSDT,2927.80,1.04,2927.81,19.49
2025-12-25T22:41:36.296887,ETHUSDT,2927.80,6.62,2927.81,3.64
2025-12-25T22:41:36.303108,ETHUSDT,2927.80,10.96,2927.81,6.25
2025-12-25T22:41:36.332027,ETHUSDT,2927.80,7.77,2927.81,6.25
2025-12-25T22:41:36.341632,ETHUSDT,2927.80,10.67,2927.81,6.25
2025-12-25T22:41:36.351811,ETHUSDT,2927.82,15.83,2927.83,0.30
2025-12-25T22:41:36.361462,ETHUSDT,2927.82,16.64,2927.83,0.60
2025-12-25T22:41:36.392326,ETHUSDT,2927.82,18.50,2927.83,0.30
2025-12-25T22:41:36.401894,ETHUSDT,2927.82,68.25,2927.83,0.60
2025-12-25T22:41:36.411957,ETHUSDT,2927.82,68.25,2927.83,0.31
2025-12-25T22:41:36.421500,ETHUSDT,2927.82,23.33,2927.83,0.62
2025-12-25T22:41:36.431595,ETHUSDT,2927.82,21.16,2927.83,0.62
2025-12-25T22:41:36.441498,ETHUSDT,2927.82,19.52,2927.83,2.79
2025-12-25T22:41:36.451816,ETHUSDT,2927.82,16.06,2927.83,0.62
2025-12-25T22:41:36.472048,ETHUSDT,2927.82,16.06,2927.83,1.10
2025-12-25T22:41:36.504089,ETHUSDT,2927.82,16.67,2927.83,1.10
2025-12-25T22:41:36.504743,ETHUSDT,2927.82,74.06,2927.83,1.10
2025-12-25T22:41:36.505352,ETHUSDT,2927.82,74.06,2927.83,0.32
2025-12-25T22:41:36.531820,ETHUSDT,2927.82,74.06,2927.83,0.62
2025-12-25T22:41:36.542982,ETHUSDT,2927.82,74.06,2927.83,0.32
2025-12-25T22:41:36.551894,ETHUSDT,2927.82,77.78,2927.83,0.32
2025-12-25T22:41:36.605082,ETHUSDT,2927.82,77.78,2927.83,0.27
2025-12-25T22:41:36.615377,ETHUSDT,2927.82,77.53,2927.83,0.27
2025-12-25T22:41:36.645942,ETHUSDT,2927.82,77.53,2927.83,0.30
2025-12-25T22:41:36.661711,ETHUSDT,2927.82,77.53,2927.83,0.28
2025-12-25T22:41:36.672076,ETHUSDT,2927.82,77.53,2927.83,0.25
2025-12-25T22:41:36.683097,ETHUSDT,2927.84,1.04,2927.85,1.34
2025-12-25T22:41:36.691894,ETHUSDT,2927.84,13.35,2927.85,1.34
2025-12-25T22:41:36.701925,ETHUSDT,2927.88,17.19,2927.89,2.44
2025-12-25T22:41:36.711907,ETHUSDT,2927.88,17.50,2927.89,2.26
2025-12-25T22:41:36.721528,ETHUSDT,2927.90,24.15,2927.91,2.25
2025-12-25T22:41:36.731956,ETHUSDT,2927.99,18.65,2928.00,0.52
2025-12-25T22:41:36.741290,ETHUSDT,2927.99,19.46,2928.00,0.52
2025-12-25T22:41:36.751858,ETHUSDT,2928.14,4.75,2928.20,0.01
2025-12-25T22:41:36.761619,ETHUSDT,2928.26,31.86,2928.27,7.20
2025-12-25T22:41:36.772141,ETHUSDT,2928.29,16.50,2928.30,0.01
2025-12-25T22:41:36.781319,ETHUSDT,2928.29,13.35,2928.30,0.30
2025-12-25T22:41:36.797171,ETHUSDT,2928.31,14.71,2928.32,0.37
2025-12-25T22:41:36.801448,ETHUSDT,2928.31,10.53,2928.32,0.67
2025-12-25T22:41:36.812839,ETHUSDT,2928.31,10.49,2928.32,0.37
2025-12-25T22:41:36.834675,ETHUSDT,2928.31,10.49,2928.32,0.67
2025-12-25T22:41:36.842328,ETHUSDT,2928.31,9.23,2928.32,0.67
2025-12-25T22:41:36.852040,ETHUSDT,2928.31,9.62,2928.32,0.67
2025-12-25T22:41:36.871898,ETHUSDT,2928.31,9.62,2928.32,0.37
2025-12-25T22:41:36.891998,ETHUSDT,2928.31,15.17,2928.32,0.37
2025-12-25T22:41:36.922265,ETHUSDT,2928.31,13.78,2928.32,0.37
2025-12-25T22:41:36.941623,ETHUSDT,2928.31,13.78,2928.32,1.19
2025-12-25T22:41:36.952699,ETHUSDT,2928.31,13.78,2928.32,3.86
2025-12-25T22:41:36.983379,ETHUSDT,2928.31,13.78,2928.32,3.38
2025-12-25T22:41:37.002133,ETHUSDT,2928.31,13.78,2928.32,3.47
2025-12-25T22:41:37.022675,ETHUSDT,2928.31,13.78,2928.32,4.29
2025-12-25T22:41:37.031680,ETHUSDT,2928.31,13.78,2928.32,5.17
2025-12-25T22:41:37.042191,ETHUSDT,2928.31,13.78,2928.32,6.06
2025-12-25T22:41:37.054961,ETHUSDT,2928.31,13.78,2928.32,5.58
2025-12-25T22:41:37.081913,ETHUSDT,2928.31,13.78,2928.41,1.00
2025-12-25T22:41:37.095454,ETHUSDT,2928.40,1.31,2928.41,1.30
2025-12-25T22:41:37.101998,ETHUSDT,2928.40,4.77,2928.41,1.30
2025-12-25T22:41:37.111678,ETHUSDT,2928.40,5.65,2928.41,1.30
2025-12-25T22:41:37.141884,ETHUSDT,2928.40,5.63,2928.41,1.00
2025-12-25T22:41:37.152245,ETHUSDT,2928.48,7.50,2928.49,0.20
2025-12-25T22:41:37.161763,ETHUSDT,2928.59,2.81,2928.60,0.02
2025-12-25T22:41:37.172059,ETHUSDT,2928.59,9.98,2928.60,0.19
2025-12-25T22:41:37.181538,ETHUSDT,2928.59,5.35,2928.60,0.19
2025-12-25T22:41:37.198453,ETHUSDT,2928.59,5.65,2928.60,0.67
2025-12-25T22:41:37.212034,ETHUSDT,2928.59,2.19,2928.60,0.67
2025-12-25T22:41:37.221428,ETHUSDT,2928.59,5.65,2928.60,0.13
2025-12-25T22:41:37.231697,ETHUSDT,2928.59,5.65,2928.60,0.61
2025-12-25T22:41:37.240506,ETHUSDT,2928.59,7.49,2928.60,0.61
2025-12-25T22:41:37.251233,ETHUSDT,2928.59,9.33,2928.60,0.61
2025-12-25T22:41:37.261495,ETHUSDT,2928.59,9.33,2928.60,0.13
2025-12-25T22:41:37.295158,ETHUSDT,2928.59,13.01,2928.60,0.13
2025-12-25T22:41:37.301291,ETHUSDT,2928.70,8.05,2928.71,0.22
2025-12-25T22:41:37.311745,ETHUSDT,2928.70,14.04,2928.71,0.22
2025-12-25T22:41:37.323216,ETHUSDT,2928.77,1.79,2928.78,7.61
2025-12-25T22:41:37.331880,ETHUSDT,2928.78,12.46,2928.79,5.56
2025-12-25T22:41:37.341267,ETHUSDT,2928.83,30.81,2928.84,7.37
2025-12-25T22:41:37.351782,ETHUSDT,2928.83,13.29,2928.84,3.71
2025-12-25T22:41:37.362188,ETHUSDT,2928.83,30.19,2928.84,7.12
2025-12-25T22:41:37.371837,ETHUSDT,2928.83,30.09,2928.84,3.41
2025-12-25T22:41:37.442042,ETHUSDT,2928.83,30.09,2928.84,3.74
2025-12-25T22:41:37.451805,ETHUSDT,2928.83,33.77,2928.84,3.74
2025-12-25T22:41:37.464991,ETHUSDT,2928.83,34.38,2928.84,3.74
2025-12-25T22:41:37.471653,ETHUSDT,2928.83,34.38,2928.84,0.36
2025-12-25T22:41:37.494468,ETHUSDT,2928.83,39.90,2928.84,0.36
2025-12-25T22:41:37.501579,ETHUSDT,2928.83,39.90,2928.84,0.55
2025-12-25T22:41:37.552254,ETHUSDT,2928.83,39.90,2928.84,0.62
2025-12-25T22:41:37.572187,ETHUSDT,2928.83,39.90,2928.84,0.92
2025-12-25T22:41:37.593414,ETHUSDT,2928.83,39.90,2928.84,0.95
2025-12-25T22:41:37.615478,ETHUSDT,2928.83,39.90,2928.84,0.65
2025-12-25T22:41:37.631874,ETHUSDT,2928.83,39.90,2928.84,3.27
2025-12-25T22:41:37.641442,ETHUSDT,2928.83,39.90,2928.84,6.68
2025-12-25T22:41:37.652091,ETHUSDT,2928.83,39.90,2928.84,6.70
2025-12-25T22:41:37.671861,ETHUSDT,2928.83,39.90,2928.84,6.65
2025-12-25T22:41:37.753546,ETHUSDT,2928.83,39.90,2928.84,4.04
2025-12-25T22:41:37.771953,ETHUSDT,2928.83,39.90,2928.84,11.24
2025-12-25T22:41:37.781953,ETHUSDT,2928.84,0.38,2928.85,0.20
2025-12-25T22:41:37.794598,ETHUSDT,2928.84,13.36,2928.85,0.20
2025-12-25T22:41:37.874853,ETHUSDT,2928.84,13.97,2928.85,0.20
2025-12-25T22:41:37.952586,ETHUSDT,2928.84,15.80,2928.85,0.20
2025-12-25T22:41:37.992262,ETHUSDT,2928.84,21.35,2928.85,0.20
2025-12-25T22:41:38.052813,ETHUSDT,2928.84,23.20,2928.85,0.20
2025-12-25T22:41:38.081788,ETHUSDT,2928.84,15.51,2928.85,0.68
2025-12-25T22:41:38.092137,ETHUSDT,2928.84,15.51,2928.85,0.20
2025-12-25T22:41:38.112460,ETHUSDT,2928.84,15.52,2928.85,0.20
2025-12-25T22:41:38.172297,ETHUSDT,2928.84,15.51,2928.85,0.25
2025-12-25T22:41:38.184854,ETHUSDT,2928.85,12.01,2928.86,10.86
2025-12-25T22:41:38.201850,ETHUSDT,2928.85,12.03,2928.86,10.86
2025-12-25T22:41:38.221441,ETHUSDT,2928.85,7.85,2928.86,10.86
2025-12-25T22:41:38.272565,ETHUSDT,2928.85,7.42,2928.86,11.33
2025-12-25T22:41:38.284204,ETHUSDT,2928.85,2.81,2928.86,10.85
2025-12-25T22:41:38.291496,ETHUSDT,2928.85,8.12,2928.86,10.85
2025-12-25T22:41:38.321971,ETHUSDT,2928.85,9.14,2928.86,10.81
2025-12-25T22:41:38.332078,ETHUSDT,2928.85,9.14,2928.86,6.61
2025-12-25T22:41:38.352158,ETHUSDT,2928.85,12.84,2928.86,6.61
2025-12-25T22:41:38.386479,ETHUSDT,2928.85,30.30,2928.86,6.61
2025-12-25T22:41:38.391856,ETHUSDT,2928.85,28.45,2928.86,6.61
2025-12-25T22:41:38.451787,ETHUSDT,2928.85,28.45,2928.86,7.09
2025-12-25T22:41:38.488926,ETHUSDT,2928.85,28.45,2928.86,6.61
2025-12-25T22:41:38.493064,ETHUSDT,2928.85,30.30,2928.86,6.61
2025-12-25T22:41:38.512058,ETHUSDT,2928.85,31.15,2928.86,6.61
2025-12-25T22:41:38.542171,ETHUSDT,2928.85,29.30,2928.86,6.61
2025-12-25T22:41:38.572437,ETHUSDT,2928.85,28.45,2928.86,6.61
2025-12-25T22:41:38.591877,ETHUSDT,2928.85,22.84,2928.86,7.08
2025-12-25T22:41:38.601529,ETHUSDT,2928.85,21.82,2928.86,7.08
2025-12-25T22:41:38.611669,ETHUSDT,2928.85,22.84,2928.86,7.08
2025-12-25T22:41:38.621287,ETHUSDT,2928.85,22.85,2928.86,6.61
2025-12-25T22:41:38.672399,ETHUSDT,2928.97,5.90,2928.98,0.18
2025-12-25T22:41:38.681424,ETHUSDT,2928.98,1.62,2928.99,0.24
2025-12-25T22:41:38.697459,ETHUSDT,2928.98,2.65,2928.99,8.43
2025-12-25T22:41:38.711880,ETHUSDT,2928.98,2.65,2928.99,7.43
2025-12-25T22:41:38.721650,ETHUSDT,2928.98,2.37,2928.99,7.43
2025-12-25T22:41:38.741531,ETHUSDT,2928.98,6.85,2928.99,5.72
2025-12-25T22:41:38.752546,ETHUSDT,2928.98,6.13,2928.99,5.72
2025-12-25T22:41:38.782523,ETHUSDT,2928.98,6.22,2928.99,5.72
2025-12-25T22:41:38.796321,ETHUSDT,2928.98,9.92,2928.99,5.72
2025-12-25T22:41:38.812291,ETHUSDT,2928.98,10.94,2928.99,5.72
2025-12-25T22:41:38.821725,ETHUSDT,2928.98,11.53,2928.99,5.72
2025-12-25T22:41:38.852474,ETHUSDT,2928.98,13.37,2928.99,5.72
2025-12-25T22:41:38.892000,ETHUSDT,2928.98,9.67,2928.99,5.72
2025-12-25T22:41:39.052516,ETHUSDT,2928.98,10.52,2928.99,5.72
2025-12-25T22:41:39.103963,ETHUSDT,2928.98,9.67,2928.99,5.72
2025-12-25T22:41:39.172233,ETHUSDT,2928.98,9.67,2928.99,5.75
2025-12-25T22:41:39.181415,ETHUSDT,2928.98,9.67,2928.99,0.10
2025-12-25T22:41:39.205808,ETHUSDT,2928.98,9.67,2928.99,6.81
2025-12-25T22:41:39.261573,ETHUSDT,2928.98,9.37,2928.99,6.81
2025-12-25T22:41:39.321881,ETHUSDT,2928.98,9.01,2928.99,6.81
2025-12-25T22:41:39.341507,ETHUSDT,2928.98,8.63,2928.99,6.81
2025-12-25T22:41:39.393398,ETHUSDT,2928.98,8.63,2928.99,6.84
2025-12-25T22:41:39.402167,ETHUSDT,2928.98,26.09,2928.99,6.84
2025-12-25T22:41:39.602199,ETHUSDT,2928.98,26.09,2928.99,6.51
2025-12-25T22:41:39.614993,ETHUSDT,2928.99,16.65,2929.00,0.02
2025-12-25T22:41:39.621590,ETHUSDT,2928.99,15.01,2929.00,0.04
2025-12-25T22:41:39.652542,ETHUSDT,2928.99,15.01,2929.00,7.37
2025-12-25T22:41:39.694137,ETHUSDT,2928.99,15.60,2929.00,7.37
2025-12-25T22:41:39.732163,ETHUSDT,2928.99,16.62,2929.00,7.37
2025-12-25T22:41:39.752129,ETHUSDT,2928.99,18.47,2929.00,7.37
2025-12-25T22:41:39.821019,ETHUSDT,2928.99,18.50,2929.00,7.37
2025-12-25T22:41:39.932505,ETHUSDT,2928.99,18.47,2929.00,7.37
2025-12-25T22:41:40.102602,ETHUSDT,2928.83,9.14,2929.00,7.37
2025-12-25T22:41:40.111751,ETHUSDT,2928.99,3.67,2929.00,10.83
2025-12-25T22:41:40.121547,ETHUSDT,2928.99,11.31,2929.00,11.23
2025-12-25T22:41:40.142902,ETHUSDT,2928.99,13.16,2929.00,11.23
2025-12-25T22:41:40.162902,ETHUSDT,2928.99,13.16,2929.00,7.77
2025-12-25T22:41:40.171804,ETHUSDT,2928.99,13.16,2929.00,10.45
2025-12-25T22:41:40.181794,ETHUSDT,2928.99,13.74,2929.00,10.45
2025-12-25T22:41:40.212325,ETHUSDT,2928.99,14.09,2929.00,9.95
2025-12-25T22:41:40.242603,ETHUSDT,2928.99,12.24,2929.00,9.95
2025-12-25T22:41:40.312419,ETHUSDT,2928.99,12.24,2929.00,6.49
2025-12-25T22:41:40.327473,ETHUSDT,2929.05,16.94,2929.06,0.36
2025-12-25T22:41:40.335563,ETHUSDT,2929.05,20.62,2929.06,0.39
2025-12-25T22:41:40.372342,ETHUSDT,2929.05,20.63,2929.06,0.39
2025-12-25T22:41:40.395027,ETHUSDT,2929.05,19.54,2929.06,0.39
2025-12-25T22:41:40.412062,ETHUSDT,2929.05,20.12,2929.06,0.39
2025-12-25T22:41:40.611758,ETHUSDT,2929.05,24.38,2929.06,0.39
2025-12-25T22:41:40.621514,ETHUSDT,2929.07,0.78,2929.15,0.10
2025-12-25T22:41:40.631781,ETHUSDT,2929.18,18.97,2929.19,1.71
2025-12-25T22:41:40.642102,ETHUSDT,2929.18,17.35,2929.19,1.71
2025-12-25T22:41:40.651796,ETHUSDT,2929.29,7.12,2929.32,0.01
2025-12-25T22:41:40.660272,ETHUSDT,2929.34,6.91,2929.35,4.25
2025-12-25T22:41:40.671696,ETHUSDT,2929.35,10.11,2929.36,0.12
2025-12-25T22:41:40.681498,ETHUSDT,2929.35,11.17,2929.36,4.92
2025-12-25T22:41:40.691898,ETHUSDT,2929.35,4.42,2929.36,8.33
2025-12-25T22:41:40.700685,ETHUSDT,2929.35,3.36,2929.36,8.80
2025-12-25T22:41:40.722157,ETHUSDT,2929.35,6.82,2929.36,8.80
2025-12-25T22:41:40.731641,ETHUSDT,2929.35,12.06,2929.36,16.87
2025-12-25T22:41:40.741565,ETHUSDT,2929.35,12.08,2929.36,13.85
2025-12-25T22:41:40.751665,ETHUSDT,2929.35,12.08,2929.36,13.38
2025-12-25T22:41:40.781715,ETHUSDT,2929.35,12.66,2929.36,13.38
2025-12-25T22:41:40.802060,ETHUSDT,2929.35,13.51,2929.36,13.38
2025-12-25T22:41:40.813374,ETHUSDT,2929.40,2.64,2929.41,1.00
2025-12-25T22:41:40.821397,ETHUSDT,2929.40,16.03,2929.41,1.03
2025-12-25T22:41:40.831787,ETHUSDT,2929.40,16.04,2929.41,1.03
2025-12-25T22:41:40.845349,ETHUSDT,2929.40,14.32,2929.41,1.03
2025-12-25T22:41:40.861875,ETHUSDT,2929.40,17.73,2929.41,1.03
2025-12-25T22:41:40.893974,ETHUSDT,2929.40,18.31,2929.41,1.03
2025-12-25T22:41:40.921431,ETHUSDT,2929.40,19.16,2929.41,1.03
2025-12-25T22:41:40.951972,ETHUSDT,2929.46,7.01,2929.47,0.02
2025-12-25T22:41:40.961364,ETHUSDT,2929.46,13.17,2929.47,1.36
2025-12-25T22:41:40.971286,ETHUSDT,2929.46,12.98,2929.47,1.36
2025-12-25T22:41:40.991981,ETHUSDT,2929.46,14.63,2929.47,1.36
2025-12-25T22:41:41.002025,ETHUSDT,2929.46,14.63,2929.47,0.02
2025-12-25T22:41:41.031983,ETHUSDT,2929.46,15.21,2929.47,0.02
2025-12-25T22:41:41.072601,ETHUSDT,2929.46,18.62,2929.47,0.02
2025-12-25T22:41:41.101515,ETHUSDT,2929.46,18.62,2929.47,1.36
2025-12-25T22:41:41.111431,ETHUSDT,2929.46,18.62,2929.47,0.02
2025-12-25T22:41:41.121141,ETHUSDT,2929.46,15.21,2929.47,0.02
2025-12-25T22:41:41.131748,ETHUSDT,2929.46,15.21,2929.47,0.36
2025-12-25T22:41:41.141469,ETHUSDT,2929.58,11.50,2929.59,1.26
2025-12-25T22:41:41.152157,ETHUSDT,2929.58,17.63,2929.59,1.29
2025-12-25T22:41:41.161335,ETHUSDT,2929.58,17.64,2929.59,1.59
2025-12-25T22:41:41.172020,ETHUSDT,2929.58,13.46,2929.59,1.59
2025-12-25T22:41:41.181517,ETHUSDT,2929.58,9.27,2929.59,1.59
2025-12-25T22:41:41.195815,ETHUSDT,2929.58,7.93,2929.59,1.59
2025-12-25T22:41:41.231811,ETHUSDT,2929.58,8.51,2929.59,1.59
2025-12-25T22:41:41.262502,ETHUSDT,2929.58,8.51,2929.59,1.29
2025-12-25T22:41:41.271839,ETHUSDT,2929.58,8.51,2929.59,0.03
2025-12-25T22:41:41.293523,ETHUSDT,2929.63,1.02,2929.70,0.03
2025-12-25T22:41:41.301684,ETHUSDT,2929.69,13.43,2929.70,1.59
2025-12-25T22:41:41.311794,ETHUSDT,2929.69,14.31,2929.70,1.59
2025-12-25T22:41:41.321058,ETHUSDT,2929.69,9.21,2929.70,1.59
2025-12-25T22:41:41.331831,ETHUSDT,2929.69,9.22,2929.72,3.00
2025-12-25T22:41:41.341692,ETHUSDT,2929.76,15.32,2929.77,0.02
2025-12-25T22:41:41.356092,ETHUSDT,2929.76,8.33,2929.77,0.32
2025-12-25T22:41:41.362262,ETHUSDT,2929.76,9.22,2929.77,0.32
2025-12-25T22:41:41.382258,ETHUSDT,2929.76,9.22,2929.77,0.38
2025-12-25T22:41:41.397810,ETHUSDT,2929.76,9.22,2929.77,0.41
2025-12-25T22:41:41.411828,ETHUSDT,2929.76,11.37,2929.77,0.41
2025-12-25T22:41:41.432596,ETHUSDT,2929.76,10.03,2929.77,1.79
2025-12-25T22:41:41.442645,ETHUSDT,2929.76,10.61,2929.77,1.79
2025-12-25T22:41:41.457242,ETHUSDT,2929.76,10.61,2929.77,1.84
2025-12-25T22:41:41.461595,ETHUSDT,2929.76,10.61,2929.77,1.96
2025-12-25T22:41:41.523877,ETHUSDT,2929.83,11.50,2929.84,0.95
2025-12-25T22:41:41.533760,ETHUSDT,2929.83,13.44,2929.84,0.95
2025-12-25T22:41:41.556814,ETHUSDT,2929.83,13.45,2929.84,1.25
2025-12-25T22:41:41.572446,ETHUSDT,2929.83,12.11,2929.84,1.25
2025-12-25T22:41:41.601764,ETHUSDT,2929.83,12.11,2929.84,1.34
2025-12-25T22:41:41.619267,ETHUSDT,2929.83,12.69,2929.84,1.43
2025-12-25T22:41:41.631689,ETHUSDT,2929.83,12.69,2929.84,5.53
2025-12-25T22:41:41.672016,ETHUSDT,2929.83,12.69,2929.84,5.88
2025-12-25T22:41:41.681171,ETHUSDT,2929.83,12.69,2929.84,5.00
2025-12-25T22:41:41.712251,ETHUSDT,2929.83,12.69,2929.84,5.09
2025-12-25T22:41:41.731925,ETHUSDT,2929.83,7.06,2929.84,5.09
2025-12-25T22:41:41.742272,ETHUSDT,2929.83,2.88,2929.84,5.09
2025-12-25T22:41:41.751678,ETHUSDT,2929.83,1.52,2929.84,5.57
2025-12-25T22:41:41.765713,ETHUSDT,2929.83,1.52,2929.84,5.62
2025-12-25T22:41:41.781425,ETHUSDT,2929.83,0.94,2929.84,5.62
2025-12-25T22:41:41.821061,ETHUSDT,2929.83,4.17,2929.84,5.14
2025-12-25T22:41:41.821905,ETHUSDT,2929.83,7.63,2929.84,5.18
2025-12-25T22:41:41.832420,ETHUSDT,2929.83,7.51,2929.84,5.18
2025-12-25T22:41:41.872309,ETHUSDT,2929.83,1.88,2929.84,5.18
2025-12-25T22:41:41.881476,ETHUSDT,2929.83,1.88,2929.84,4.92
2025-12-25T22:41:41.893111,ETHUSDT,2929.83,1.88,2929.84,4.90
2025-12-25T22:41:41.901973,ETHUSDT,2929.83,7.63,2929.84,4.93
2025-12-25T22:41:41.911792,ETHUSDT,2929.83,8.51,2929.84,4.93
2025-12-25T22:41:41.922527,ETHUSDT,2929.83,8.51,2929.84,4.84
2025-12-25T22:41:41.941670,ETHUSDT,2929.83,1.82,2929.84,4.84
2025-12-25T22:41:41.982058,ETHUSDT,2929.83,1.82,2929.84,4.79
2025-12-25T22:41:41.991884,ETHUSDT,2929.83,3.99,2929.84,4.57
2025-12-25T22:41:42.011916,ETHUSDT,2929.83,3.47,2929.84,4.64
2025-12-25T22:41:42.022020,ETHUSDT,2929.83,2.29,2929.84,4.64
2025-12-25T22:41:42.042319,ETHUSDT,2929.83,3.35,2929.84,4.45
2025-12-25T22:41:42.082371,ETHUSDT,2929.83,6.81,2929.84,4.39
2025-12-25T22:41:42.093763,ETHUSDT,2929.83,2.29,2929.84,9.25
2025-12-25T22:41:42.101675,ETHUSDT,2929.83,2.29,2929.84,9.19
2025-12-25T22:41:42.111921,ETHUSDT,2929.83,2.29,2929.84,9.14
2025-12-25T22:41:42.132814,ETHUSDT,2929.83,2.29,2929.84,9.15
2025-12-25T22:41:42.175510,ETHUSDT,2929.83,2.29,2929.84,9.16
2025-12-25T22:41:42.192018,ETHUSDT,2929.83,2.29,2929.84,22.67
2025-12-25T22:41:42.232154,ETHUSDT,2929.76,2.15,2929.77,34.76
2025-12-25T22:41:42.241491,ETHUSDT,2929.76,2.15,2929.77,39.32
2025-12-25T22:41:42.251725,ETHUSDT,2929.76,2.15,2929.77,38.47
2025-12-25T22:41:42.261751,ETHUSDT,2929.76,0.02,2929.77,38.47
2025-12-25T22:41:42.271611,ETHUSDT,2929.73,0.35,2929.74,55.08
2025-12-25T22:41:42.283676,ETHUSDT,2929.73,0.35,2929.74,55.63
2025-12-25T22:41:42.291730,ETHUSDT,2929.47,0.34,2929.48,24.87
2025-12-25T22:41:42.301201,ETHUSDT,2929.42,10.80,2929.43,30.71
2025-12-25T22:41:42.312097,ETHUSDT,2929.42,10.80,2929.43,31.21
2025-12-25T22:41:42.342391,ETHUSDT,2929.42,10.80,2929.43,32.12
2025-12-25T22:41:42.361954,ETHUSDT,2929.42,10.80,2929.43,32.06
2025-12-25T22:41:42.396388,ETHUSDT,2929.42,11.08,2929.43,32.06
2025-12-25T22:41:42.401782,ETHUSDT,2929.42,11.08,2929.43,31.33
2025-12-25T22:41:42.411686,ETHUSDT,2929.42,11.08,2929.43,31.27
2025-12-25T22:41:42.421880,ETHUSDT,2929.42,11.08,2929.43,28.16
2025-12-25T22:41:42.431992,ETHUSDT,2929.42,11.08,2929.43,28.10
2025-12-25T22:41:42.452621,ETHUSDT,2929.42,11.66,2929.43,28.10
2025-12-25T22:41:42.462198,ETHUSDT,2929.42,11.66,2929.43,28.11
2025-12-25T22:41:42.471851,ETHUSDT,2929.42,11.66,2929.43,28.05
2025-12-25T22:41:42.493163,ETHUSDT,2929.42,11.66,2929.43,22.52
2025-12-25T22:41:42.512213,ETHUSDT,2929.42,11.66,2929.43,23.01
2025-12-25T22:41:42.541645,ETHUSDT,2929.42,11.66,2929.43,19.75
2025-12-25T22:41:42.585512,ETHUSDT,2929.42,11.66,2929.43,19.45
2025-12-25T22:41:42.593428,ETHUSDT,2929.42,12.71,2929.43,19.45
2025-12-25T22:41:42.601822,ETHUSDT,2929.42,11.66,2929.43,19.45
2025-12-25T22:41:42.612386,ETHUSDT,2929.42,12.71,2929.43,19.45
2025-12-25T22:41:42.642740,ETHUSDT,2929.42,11.67,2929.43,19.45
2025-12-25T22:41:42.681844,ETHUSDT,2929.42,12.72,2929.43,18.96
2025-12-25T22:41:42.693333,ETHUSDT,2929.42,13.60,2929.43,11.27
2025-12-25T22:41:42.813551,ETHUSDT,2929.42,13.60,2929.43,9.27
2025-12-25T22:41:42.823490,ETHUSDT,2929.42,13.60,2929.43,12.73
2025-12-25T22:41:42.901829,ETHUSDT,2929.42,15.75,2929.43,12.73
2025-12-25T22:41:43.241843,ETHUSDT,2929.42,15.75,2929.43,9.27
2025-12-25T22:41:43.271265,ETHUSDT,2929.42,15.74,2929.43,9.27
2025-12-25T22:41:43.441393,ETHUSDT,2929.42,15.74,2929.43,12.73
2025-12-25T22:41:43.552735,ETHUSDT,2929.42,15.74,2929.43,12.72
2025-12-25T22:41:43.601863,ETHUSDT,2929.42,15.74,2929.43,12.73
2025-12-25T22:41:43.794593,ETHUSDT,2929.42,15.74,2929.43,10.25
2025-12-25T22:41:43.832839,ETHUSDT,2929.42,15.74,2929.43,6.79
2025-12-25T22:41:43.916949,ETHUSDT,2929.42,16.59,2929.43,6.79
2025-12-25T22:41:43.932675,ETHUSDT,2929.42,16.97,2929.43,4.62
2025-12-25T22:41:43.961857,ETHUSDT,2929.42,16.97,2929.43,4.58
2025-12-25T22:41:43.983137,ETHUSDT,2929.42,16.15,2929.43,4.58
2025-12-25T22:41:44.012312,ETHUSDT,2929.42,16.15,2929.43,1.85
2025-12-25T22:41:44.024069,ETHUSDT,2929.45,2.73,2929.48,0.02
2025-12-25T22:41:44.031991,ETHUSDT,2929.47,21.48,2929.48,0.02
2025-12-25T22:41:44.041938,ETHUSDT,2929.70,3.46,2929.71,1.71
2025-12-25T22:41:44.052006,ETHUSDT,2929.83,2.75,2929.84,0.03
2025-12-25T22:41:44.061650,ETHUSDT,2929.95,0.63,2929.96,1.50
2025-12-25T22:41:44.071998,ETHUSDT,2929.95,4.34,2929.96,4.95
2025-12-25T22:41:44.082894,ETHUSDT,2929.95,2.03,2929.96,14.87
2025-12-25T22:41:44.092254,ETHUSDT,2929.95,5.85,2929.96,13.38
2025-12-25T22:41:44.112274,ETHUSDT,2929.95,2.39,2929.96,13.28
2025-12-25T22:41:44.121819,ETHUSDT,2929.95,1.32,2929.96,13.28
2025-12-25T22:41:44.141607,ETHUSDT,2929.95,1.32,2929.96,13.15
2025-12-25T22:41:44.182649,ETHUSDT,2929.95,1.90,2929.96,13.15
2025-12-25T22:41:44.192205,ETHUSDT,2929.95,6.73,2929.96,13.16
2025-12-25T22:41:44.201732,ETHUSDT,2929.95,2.20,2929.96,13.16
2025-12-25T22:41:44.252281,ETHUSDT,2929.95,1.98,2929.96,13.16
2025-12-25T22:41:44.272018,ETHUSDT,2929.95,1.98,2929.96,13.24
2025-12-25T22:41:44.302214,ETHUSDT,2929.95,0.98,2929.96,13.24
2025-12-25T22:41:44.311972,ETHUSDT,2929.95,0.98,2929.96,14.12
2025-12-25T22:41:44.327876,ETHUSDT,2929.95,1.20,2929.96,14.12
2025-12-25T22:41:44.345212,ETHUSDT,2929.95,6.83,2929.96,14.12
2025-12-25T22:41:44.354253,ETHUSDT,2929.95,7.89,2929.96,14.12
2025-12-25T22:41:44.384817,ETHUSDT,2929.95,5.72,2929.96,14.12
2025-12-25T22:41:44.404053,ETHUSDT,2929.95,5.33,2929.96,14.12
2025-12-25T22:41:44.446709,ETHUSDT,2929.95,7.91,2929.96,14.12
2025-12-25T22:41:44.464254,ETHUSDT,2929.95,15.50,2929.96,8.65
2025-12-25T22:41:44.474044,ETHUSDT,2929.95,15.89,2929.96,7.77
2025-12-25T22:41:44.485131,ETHUSDT,2929.95,26.51,2929.96,15.47
2025-12-25T22:41:44.774413,ETHUSDT,2929.95,26.51,2929.96,15.46
2025-12-25T22:41:44.782775,ETHUSDT,2929.95,26.89,2929.96,15.46
2025-12-25T22:41:44.795250,ETHUSDT,2929.95,26.96,2929.96,15.46
2025-12-25T22:41:44.803559,ETHUSDT,2929.95,26.89,2929.96,15.46
2025-12-25T22:41:44.893892,ETHUSDT,2929.95,23.47,2929.96,15.46
2025-12-25T22:41:44.962474,ETHUSDT,2929.95,23.09,2929.96,15.46
2025-12-25T22:41:45.161655,ETHUSDT,2929.95,26.50,2929.96,15.46
2025-12-25T22:41:45.172414,ETHUSDT,2929.95,23.09,2929.96,15.46
2025-12-25T22:41:45.181877,ETHUSDT,2929.95,23.09,2929.96,15.45
2025-12-25T22:41:45.373172,ETHUSDT,2929.95,26.50,2929.96,15.45
2025-12-25T22:41:45.402063,ETHUSDT,2929.95,26.50,2929.96,15.11
2025-12-25T22:41:45.412889,ETHUSDT,2929.95,26.88,2929.96,15.11
2025-12-25T22:41:45.421564,ETHUSDT,2929.95,23.47,2929.96,15.11
2025-12-25T22:41:45.453368,ETHUSDT,2929.95,23.50,2929.96,15.11
2025-12-25T22:41:45.712755,ETHUSDT,2929.95,23.12,2929.96,15.11
2025-12-25T22:41:45.972882,ETHUSDT,2929.95,23.12,2929.96,14.11
2025-12-25T22:41:46.042454,ETHUSDT,2929.95,23.12,2929.96,14.06
2025-12-25T22:41:46.082758,ETHUSDT,2929.95,26.53,2929.96,14.06
2025-12-25T22:41:46.192807,ETHUSDT,2929.95,23.12,2929.96,14.06
2025-12-25T22:41:46.321949,ETHUSDT,2929.95,23.12,2929.96,14.04
2025-12-25T22:41:46.331998,ETHUSDT,2929.95,23.50,2929.96,14.04
2025-12-25T22:41:46.362761,ETHUSDT,2929.95,23.30,2929.96,14.04
2025-12-25T22:41:46.393346,ETHUSDT,2929.95,23.30,2929.96,13.94
2025-12-25T22:41:46.683872,ETHUSDT,2929.95,23.30,2929.96,13.93
2025-12-25T22:41:46.853409,ETHUSDT,2929.95,24.15,2929.96,13.93
2025-12-25T22:41:46.861620,ETHUSDT,2929.95,24.15,2930.00,0.01
2025-12-25T22:41:46.871722,ETHUSDT,2930.06,19.66,2930.07,0.02
2025-12-25T22:41:46.887297,ETHUSDT,2930.06,27.43,2930.07,0.02
2025-12-25T22:41:46.901789,ETHUSDT,2930.07,1.82,2930.22,1.46
2025-12-25T22:41:46.911982,ETHUSDT,2930.21,12.89,2930.22,1.47
2025-12-25T22:41:46.931883,ETHUSDT,2930.21,12.89,2930.22,1.46
2025-12-25T22:41:46.972763,ETHUSDT,2930.21,12.89,2930.22,13.70
2025-12-25T22:41:47.022933,ETHUSDT,2930.21,13.46,2930.22,13.70
2025-12-25T22:41:47.173586,ETHUSDT,2930.21,13.46,2930.22,13.72
2025-12-25T22:41:47.232588,ETHUSDT,2930.21,16.87,2930.22,13.72
2025-12-25T22:41:47.241418,ETHUSDT,2930.21,16.87,2930.22,8.67
2025-12-25T22:41:47.252035,ETHUSDT,2930.21,17.72,2930.22,8.67
2025-12-25T22:41:47.402531,ETHUSDT,2930.21,20.31,2930.22,8.67
2025-12-25T22:41:47.411825,ETHUSDT,2930.21,20.45,2930.22,8.67
2025-12-25T22:41:47.552243,ETHUSDT,2930.21,20.45,2930.22,8.68
2025-12-25T22:41:47.593318,ETHUSDT,2930.21,20.31,2930.22,8.68
2025-12-25T22:41:47.632908,ETHUSDT,2930.21,20.31,2930.22,8.70
2025-12-25T22:41:48.526699,ETHUSDT,2930.21,16.90,2930.22,8.70
2025-12-25T22:41:48.783149,ETHUSDT,2930.21,27.55,2930.22,6.30
2025-12-25T22:41:48.791914,ETHUSDT,2930.23,43.86,2930.24,0.01
2025-12-25T22:41:48.801414,ETHUSDT,2930.35,21.01,2930.36,1.59
2025-12-25T22:41:48.814077,ETHUSDT,2930.35,25.20,2930.36,1.59
2025-12-25T22:41:48.832546,ETHUSDT,2930.35,19.78,2930.36,1.59
2025-12-25T22:41:48.845582,ETHUSDT,2930.38,20.83,2930.39,0.86
2025-12-25T22:41:48.853245,ETHUSDT,2930.38,22.92,2930.39,0.86
2025-12-25T22:41:48.861416,ETHUSDT,2930.38,22.71,2930.39,8.17
2025-12-25T22:41:48.872308,ETHUSDT,2930.38,19.31,2930.39,7.73
2025-12-25T22:41:48.892392,ETHUSDT,2930.38,32.68,2930.39,13.62
2025-12-25T22:41:48.902674,ETHUSDT,2930.38,32.54,2930.39,13.62
2025-12-25T22:41:48.922045,ETHUSDT,2930.38,32.53,2930.39,13.62
2025-12-25T22:41:48.934573,ETHUSDT,2930.38,32.53,2930.39,11.07
2025-12-25T22:41:48.942595,ETHUSDT,2930.38,33.10,2930.39,11.07
2025-12-25T22:41:48.952237,ETHUSDT,2930.38,33.45,2930.39,11.07
2025-12-25T22:41:48.962648,ETHUSDT,2930.38,36.04,2930.39,11.07
2025-12-25T22:41:49.036944,ETHUSDT,2930.38,41.33,2930.39,11.07
2025-12-25T22:41:49.042336,ETHUSDT,2930.38,41.33,2930.39,11.08
2025-12-25T22:41:49.102139,ETHUSDT,2930.38,36.04,2930.39,11.12
2025-12-25T22:41:49.112118,ETHUSDT,2930.38,17.23,2930.39,11.12
2025-12-25T22:41:49.121464,ETHUSDT,2930.38,17.27,2930.39,11.12
2025-12-25T22:41:49.132401,ETHUSDT,2930.38,22.60,2930.39,11.12
2025-12-25T22:41:49.149057,ETHUSDT,2930.38,17.27,2930.39,11.12
2025-12-25T22:41:49.172416,ETHUSDT,2930.39,14.18,2930.40,0.01
2025-12-25T22:41:49.181921,ETHUSDT,2930.50,53.23,2930.51,0.05
2025-12-25T22:41:49.196293,ETHUSDT,2930.50,56.99,2930.51,0.05
2025-12-25T22:41:49.201810,ETHUSDT,2930.50,56.99,2930.51,5.73
2025-12-25T22:41:49.232450,ETHUSDT,2930.50,57.00,2930.51,5.73
2025-12-25T22:41:49.252364,ETHUSDT,2930.50,62.22,2930.51,5.68
2025-12-25T22:41:49.261868,ETHUSDT,2930.50,57.00,2930.51,5.68
2025-12-25T22:41:49.311844,ETHUSDT,2930.50,62.21,2930.51,5.68
2025-12-25T22:41:49.322479,ETHUSDT,2930.50,62.74,2930.51,5.68
2025-12-25T22:41:49.653451,ETHUSDT,2930.50,57.53,2930.51,5.68
2025-12-25T22:41:49.654372,ETHUSDT,2930.50,63.29,2930.51,5.35
2025-12-25T22:41:49.712627,ETHUSDT,2930.50,65.88,2930.51,5.35
2025-12-25T22:41:49.742348,ETHUSDT,2930.50,64.79,2930.51,5.35
2025-12-25T22:41:49.753375,ETHUSDT,2930.52,0.01,2930.54,0.01
2025-12-25T22:41:49.762316,ETHUSDT,2930.60,12.23,2930.61,2.41
2025-12-25T22:41:49.770995,ETHUSDT,2930.60,36.40,2930.61,2.41
2025-12-25T22:41:49.782659,ETHUSDT,2930.73,24.38,2930.74,2.81
2025-12-25T22:41:49.798610,ETHUSDT,2930.73,21.75,2930.74,2.48
2025-12-25T22:41:49.802089,ETHUSDT,2930.73,21.75,2930.74,8.18
2025-12-25T22:41:49.812338,ETHUSDT,2930.73,21.77,2930.74,6.80
2025-12-25T22:41:49.823373,ETHUSDT,2930.73,26.60,2930.74,4.14
2025-12-25T22:41:49.842092,ETHUSDT,2930.73,21.00,2930.74,4.14
2025-12-25T22:41:49.872277,ETHUSDT,2930.73,26.64,2930.74,4.14
2025-12-25T22:41:49.881617,ETHUSDT,2930.73,21.00,2930.74,4.14
2025-12-25T22:41:49.901976,ETHUSDT,2930.73,21.53,2930.74,4.14
2025-12-25T22:41:49.912264,ETHUSDT,2930.73,21.53,2930.74,1.55
2025-12-25T22:41:49.921532,ETHUSDT,2930.73,21.53,2930.74,5.50
2025-12-25T22:41:49.952214,ETHUSDT,2930.73,18.12,2930.74,5.50
2025-12-25T22:41:49.982999,ETHUSDT,2930.73,18.12,2930.74,5.46
2025-12-25T22:41:50.011761,ETHUSDT,2930.73,16.77,2930.74,5.46
2025-12-25T22:41:50.032315,ETHUSDT,2930.73,21.97,2930.74,5.46
2025-12-25T22:41:50.062409,ETHUSDT,2930.73,16.77,2930.74,5.46
2025-12-25T22:41:50.122389,ETHUSDT,2930.73,22.27,2930.74,5.46
2025-12-25T22:41:50.152667,ETHUSDT,2930.73,16.77,2930.74,5.46
2025-12-25T22:41:50.172538,ETHUSDT,2930.73,16.77,2930.74,5.50
2025-12-25T22:41:50.181522,ETHUSDT,2930.73,22.26,2930.74,5.50
2025-12-25T22:41:50.331891,ETHUSDT,2930.73,16.77,2930.74,5.50
2025-12-25T22:41:50.352016,ETHUSDT,2930.73,22.16,2930.74,5.50
2025-12-25T22:41:50.454104,ETHUSDT,2930.73,22.22,2930.74,5.50
2025-12-25T22:41:50.463806,ETHUSDT,2930.73,24.82,2930.74,5.50
2025-12-25T22:41:50.613278,ETHUSDT,2930.73,24.89,2930.74,4.50
2025-12-25T22:41:50.621579,ETHUSDT,2930.73,24.89,2930.74,5.49
2025-12-25T22:41:50.822054,ETHUSDT,2930.73,73.10,2930.74,5.48
2025-12-25T22:41:50.841889,ETHUSDT,2930.73,73.48,2930.74,4.82
2025-12-25T22:41:50.851876,ETHUSDT,2930.73,73.48,2930.74,4.58
2025-12-25T22:41:50.922281,ETHUSDT,2930.73,73.10,2930.74,4.58
2025-12-25T22:41:51.053106,ETHUSDT,2930.73,73.10,2930.74,0.18
2025-12-25T22:41:51.061627,ETHUSDT,2930.89,17.17,2930.90,6.27
2025-12-25T22:41:51.071927,ETHUSDT,2930.89,26.14,2930.90,6.27
2025-12-25T22:41:51.084781,ETHUSDT,2930.89,26.14,2930.90,12.02
2025-12-25T22:41:51.102190,ETHUSDT,2930.89,26.17,2930.90,12.02
2025-12-25T22:41:51.112233,ETHUSDT,2930.89,17.84,2930.90,12.02
2025-12-25T22:41:51.122259,ETHUSDT,2930.89,17.77,2930.90,12.02
2025-12-25T22:41:51.132314,ETHUSDT,2930.89,17.84,2930.90,12.02
2025-12-25T22:41:51.142331,ETHUSDT,2930.89,17.77,2930.90,12.02
2025-12-25T22:41:51.151938,ETHUSDT,2930.89,18.30,2930.90,12.02
2025-12-25T22:41:51.161747,ETHUSDT,2930.89,18.37,2930.90,12.02
2025-12-25T22:41:51.172379,ETHUSDT,2930.89,18.30,2930.90,12.02
2025-12-25T22:41:51.272304,ETHUSDT,2930.89,20.90,2930.90,12.02
2025-12-25T22:41:51.292346,ETHUSDT,2930.89,20.90,2930.90,12.00
2025-12-25T22:41:51.453018,ETHUSDT,2930.89,20.90,2930.90,11.00
2025-12-25T22:41:51.461711,ETHUSDT,2930.89,21.00,2930.90,11.00
2025-12-25T22:41:51.632657,ETHUSDT,2930.89,21.00,2930.90,9.20
2025-12-25T22:41:51.672076,ETHUSDT,2930.89,21.00,2930.90,8.76
2025-12-25T22:41:51.681893,ETHUSDT,2930.89,21.00,2930.90,8.69
2025-12-25T22:41:52.052214,ETHUSDT,2930.89,21.29,2930.90,8.69
2025-12-25T22:41:52.172682,ETHUSDT,2930.89,21.29,2930.90,8.71
2025-12-25T22:41:52.373711,ETHUSDT,2930.89,21.78,2930.90,8.71
2025-12-25T22:41:52.532855,ETHUSDT,2930.89,21.78,2930.96,0.34
2025-12-25T22:41:52.542133,ETHUSDT,2930.96,0.58,2930.97,0.02
2025-12-25T22:41:52.552989,ETHUSDT,2930.96,29.52,2930.97,0.01
2025-12-25T22:41:52.562530,ETHUSDT,2930.96,23.71,2930.97,9.18
2025-12-25T22:41:52.572227,ETHUSDT,2930.96,21.16,2930.97,9.18
2025-12-25T22:41:52.607456,ETHUSDT,2930.96,21.16,2930.97,5.72
2025-12-25T22:41:52.644375,ETHUSDT,2930.96,21.69,2930.97,5.72
2025-12-25T22:41:52.644933,ETHUSDT,2930.96,27.24,2930.97,5.72
2025-12-25T22:41:52.662325,ETHUSDT,2930.96,27.24,2930.97,1.78
2025-12-25T22:41:52.772742,ETHUSDT,2930.96,29.91,2930.97,1.78
2025-12-25T22:41:52.782374,ETHUSDT,2930.96,29.98,2930.97,1.78
2025-12-25T22:41:52.852708,ETHUSDT,2930.96,29.84,2930.97,1.78
2025-12-25T22:41:52.923598,ETHUSDT,2930.96,29.84,2930.97,0.81
2025-12-25T22:41:52.944818,ETHUSDT,2930.96,29.84,2930.97,0.17
2025-12-25T22:41:52.952054,ETHUSDT,2930.96,29.84,2930.97,1.16
2025-12-25T22:41:53.042663,ETHUSDT,2930.96,29.84,2930.97,1.17
2025-12-25T22:41:53.124331,ETHUSDT,2930.96,29.94,2930.97,1.17
2025-12-25T22:41:53.172774,ETHUSDT,2930.96,29.94,2930.97,1.20
2025-12-25T22:41:53.422622,ETHUSDT,2930.96,31.52,2930.97,1.20
2025-12-25T22:41:53.452647,ETHUSDT,2930.96,31.55,2930.97,1.20
2025-12-25T22:41:53.492388,ETHUSDT,2930.96,31.55,2930.97,0.57
2025-12-25T22:41:53.512124,ETHUSDT,2930.96,31.55,2930.97,1.38
2025-12-25T22:41:53.562542,ETHUSDT,2930.96,31.55,2930.97,0.58
2025-12-25T22:41:53.572249,ETHUSDT,2930.96,31.55,2930.97,0.59
2025-12-25T22:41:53.582057,ETHUSDT,2930.96,31.55,2930.97,1.59
2025-12-25T22:41:53.672567,ETHUSDT,2930.96,31.93,2930.97,1.59
2025-12-25T22:41:53.681740,ETHUSDT,2930.96,27.70,2931.13,0.03
2025-12-25T22:41:53.691966,ETHUSDT,2931.12,25.22,2931.13,0.03
2025-12-25T22:41:53.701686,ETHUSDT,2931.12,32.51,2931.13,1.82
2025-12-25T22:41:53.712627,ETHUSDT,2931.12,32.19,2931.13,1.82
2025-12-25T22:41:53.773005,ETHUSDT,2931.12,32.72,2931.13,1.82
2025-12-25T22:41:53.781837,ETHUSDT,2931.12,32.79,2931.13,1.82
2025-12-25T22:41:53.793833,ETHUSDT,2931.12,32.72,2931.13,1.82
2025-12-25T22:41:53.801601,ETHUSDT,2931.12,32.79,2931.13,1.82
2025-12-25T22:41:53.812204,ETHUSDT,2931.12,32.72,2931.13,1.82
2025-12-25T22:41:54.003328,ETHUSDT,2931.12,27.59,2931.13,1.82
2025-12-25T22:41:54.042698,ETHUSDT,2931.12,32.45,2931.13,1.82
2025-12-25T22:41:54.142882,ETHUSDT,2931.17,0.64,2931.27,1.40
2025-12-25T22:41:54.156926,ETHUSDT,2931.27,17.53,2931.28,0.10
2025-12-25T22:41:54.162692,ETHUSDT,2931.27,11.22,2931.28,10.06
2025-12-25T22:41:54.172207,ETHUSDT,2931.27,16.08,2931.28,10.87
2025-12-25T22:41:54.197060,ETHUSDT,2931.27,16.11,2931.28,10.87
2025-12-25T22:41:54.212774,ETHUSDT,2931.27,16.11,2931.28,6.69
2025-12-25T22:41:54.221804,ETHUSDT,2931.27,16.11,2931.28,1.89
2025-12-25T22:41:54.231801,ETHUSDT,2931.27,16.64,2931.28,1.89
2025-12-25T22:41:54.241796,ETHUSDT,2931.27,16.99,2931.28,1.89
2025-12-25T22:41:54.271943,ETHUSDT,2931.27,17.09,2931.28,1.89
2025-12-25T22:41:54.362734,ETHUSDT,2931.27,34.76,2931.28,9.95
2025-12-25T22:41:54.442957,ETHUSDT,2931.27,36.34,2931.28,9.95
2025-12-25T22:41:54.613252,ETHUSDT,2931.27,36.34,2931.28,11.95
2025-12-25T22:41:54.653211,ETHUSDT,2931.27,36.34,2931.28,11.94
2025-12-25T22:41:54.773027,ETHUSDT,2931.27,36.34,2931.28,11.85
2025-12-25T22:41:54.782017,ETHUSDT,2931.27,36.32,2931.28,11.85
2025-12-25T22:41:55.285541,ETHUSDT,2931.27,35.97,2931.28,11.85
2025-12-25T22:41:55.286424,ETHUSDT,2931.27,37.13,2931.28,11.85
2025-12-25T22:41:55.312975,ETHUSDT,2931.27,37.48,2931.28,11.85
2025-12-25T22:41:55.402555,ETHUSDT,2931.27,37.97,2931.28,11.85
2025-12-25T22:41:55.582798,ETHUSDT,2931.27,38.00,2931.28,11.85
2025-12-25T22:41:55.643494,ETHUSDT,2931.27,38.38,2931.28,11.85
2025-12-25T22:41:55.992716,ETHUSDT,2931.27,38.00,2931.28,11.85
2025-12-25T22:41:56.094408,ETHUSDT,2931.27,38.38,2931.28,11.85
2025-12-25T22:41:56.182713,ETHUSDT,2931.27,38.00,2931.28,11.85
2025-12-25T22:41:56.260878,ETHUSDT,2931.27,38.00,2931.28,3.79
2025-12-25T22:41:56.325970,ETHUSDT,2931.27,37.65,2931.28,3.79
2025-12-25T22:41:56.352527,ETHUSDT,2931.27,37.65,2931.28,2.77
2025-12-25T22:41:56.362191,ETHUSDT,2931.27,37.65,2931.28,3.76
2025-12-25T22:41:56.412229,ETHUSDT,2931.27,38.00,2931.28,3.76
2025-12-25T22:41:56.421670,ETHUSDT,2931.27,38.00,2931.28,1.22
2025-12-25T22:41:56.432159,ETHUSDT,2931.27,38.00,2931.28,1.01
2025-12-25T22:41:56.543160,ETHUSDT,2931.27,38.00,2931.30,0.02
2025-12-25T22:41:56.551872,ETHUSDT,2931.29,47.66,2931.30,0.02
2025-12-25T22:41:56.563081,ETHUSDT,2931.29,58.10,2931.30,1.01
2025-12-25T22:41:56.571957,ETHUSDT,2931.29,58.13,2931.30,1.80
2025-12-25T22:41:56.581875,ETHUSDT,2931.29,62.99,2931.30,1.80
2025-12-25T22:41:56.632198,ETHUSDT,2931.29,66.13,2931.30,1.80
2025-12-25T22:41:56.894193,ETHUSDT,2931.29,66.13,2931.30,0.78
2025-12-25T22:41:56.901900,ETHUSDT,2931.29,66.13,2931.30,1.77
2025-12-25T22:41:56.932054,ETHUSDT,2931.29,66.23,2931.30,1.77
2025-12-25T22:41:57.024553,ETHUSDT,2931.29,66.23,2931.30,0.08
2025-12-25T22:41:57.031737,ETHUSDT,2931.29,66.22,2931.30,0.89
2025-12-25T22:41:57.042351,ETHUSDT,2931.29,66.22,2931.30,0.57
2025-12-25T22:41:57.061813,ETHUSDT,2931.29,66.22,2931.30,1.55
2025-12-25T22:41:57.162633,ETHUSDT,2931.29,66.22,2931.30,0.55
2025-12-25T22:41:57.171882,ETHUSDT,2931.29,66.22,2931.30,1.36
2025-12-25T22:41:57.382111,ETHUSDT,2931.29,63.61,2931.30,1.36
2025-12-25T22:41:57.391723,ETHUSDT,2931.29,66.63,2931.30,1.36
2025-12-25T22:41:57.451866,ETHUSDT,2931.29,66.66,2931.30,1.36
2025-12-25T22:41:57.472311,ETHUSDT,2931.29,68.24,2931.30,1.36
2025-12-25T22:41:57.973948,ETHUSDT,2931.29,69.13,2931.30,1.36
2025-12-25T22:41:58.172219,ETHUSDT,2931.29,69.19,2931.30,1.36
2025-12-25T22:41:58.355570,ETHUSDT,2931.29,69.19,2931.30,0.34
2025-12-25T22:41:58.361668,ETHUSDT,2931.29,69.19,2931.30,1.16
2025-12-25T22:41:58.392256,ETHUSDT,2931.35,19.82,2931.36,0.03
2025-12-25T22:41:58.401794,ETHUSDT,2931.35,36.78,2931.36,1.17
2025-12-25T22:41:58.421607,ETHUSDT,2931.54,17.93,2931.55,18.44
2025-12-25T22:41:58.432634,ETHUSDT,2931.54,23.86,2931.55,17.70
2025-12-25T22:41:58.441735,ETHUSDT,2931.54,23.86,2931.55,18.85
2025-12-25T22:41:58.452258,ETHUSDT,2931.54,20.06,2931.55,19.50
2025-12-25T22:41:58.462008,ETHUSDT,2931.54,28.33,2931.55,19.50
2025-12-25T22:41:58.496857,ETHUSDT,2931.54,29.91,2931.55,19.50
2025-12-25T22:41:58.542510,ETHUSDT,2931.54,30.44,2931.55,19.50
2025-12-25T22:41:58.581925,ETHUSDT,2931.54,30.54,2931.55,19.50
2025-12-25T22:41:58.653102,ETHUSDT,2931.54,31.70,2931.55,19.50
2025-12-25T22:41:58.893492,ETHUSDT,2931.54,34.33,2931.55,19.50
2025-12-25T22:41:58.962411,ETHUSDT,2931.54,34.33,2931.55,18.48
2025-12-25T22:41:59.142700,ETHUSDT,2931.54,34.33,2931.55,18.04
2025-12-25T22:41:59.162998,ETHUSDT,2931.54,34.37,2931.55,18.04
2025-12-25T22:41:59.223010,ETHUSDT,2931.54,34.37,2931.55,18.05
2025-12-25T22:41:59.395963,ETHUSDT,2931.65,14.55,2931.66,0.11
2025-12-25T22:41:59.401568,ETHUSDT,2931.65,17.57,2931.66,1.25
2025-12-25T22:41:59.411793,ETHUSDT,2931.65,17.60,2931.66,1.25
2025-12-25T22:41:59.422045,ETHUSDT,2931.65,22.46,2931.66,1.25
2025-12-25T22:41:59.473084,ETHUSDT,2931.65,22.99,2931.66,1.25
2025-12-25T22:41:59.512174,ETHUSDT,2931.65,24.57,2931.66,1.25
2025-12-25T22:41:59.652530,ETHUSDT,2931.65,27.20,2931.66,1.25
2025-12-25T22:41:59.702740,ETHUSDT,2931.65,27.20,2931.66,1.15
2025-12-25T22:41:59.742170,ETHUSDT,2931.65,33.28,2931.66,1.15
2025-12-25T22:41:59.872644,ETHUSDT,2931.65,33.38,2931.66,1.15
2025-12-25T22:41:59.952699,ETHUSDT,2931.65,33.33,2931.66,1.15
2025-12-25T22:41:59.982025,ETHUSDT,2931.65,37.18,2931.66,1.15
2025-12-25T22:42:00.052011,ETHUSDT,2931.65,42.09,2931.66,1.15
2025-12-25T22:42:00.061917,ETHUSDT,2931.65,42.09,2931.66,4.42
2025-12-25T22:42:00.112400,ETHUSDT,2931.65,42.09,2931.66,4.17
2025-12-25T22:42:00.152015,ETHUSDT,2931.65,42.09,2931.66,4.33
2025-12-25T22:42:00.312267,ETHUSDT,2931.65,42.65,2931.66,4.22
2025-12-25T22:42:00.362287,ETHUSDT,2931.65,42.55,2931.66,4.22
2025-12-25T22:42:00.372055,ETHUSDT,2931.65,42.62,2931.66,4.22
2025-12-25T22:42:00.452313,ETHUSDT,2931.65,42.68,2931.66,4.22
2025-12-25T22:42:00.602704,ETHUSDT,2931.65,42.75,2931.66,4.22
2025-12-25T22:42:00.612128,ETHUSDT,2931.65,42.40,2931.66,4.22
2025-12-25T22:42:00.621769,ETHUSDT,2931.65,38.55,2931.66,4.22
2025-12-25T22:42:00.642146,ETHUSDT,2931.65,38.55,2931.66,1.02
2025-12-25T22:42:00.652137,ETHUSDT,2931.65,55.37,2931.66,9.66
2025-12-25T22:42:00.661788,ETHUSDT,2931.65,55.37,2931.66,10.04
2025-12-25T22:42:00.682399,ETHUSDT,2931.65,55.37,2931.66,10.05
2025-12-25T22:42:00.712685,ETHUSDT,2931.65,55.37,2931.66,6.67
2025-12-25T22:42:00.721832,ETHUSDT,2931.65,55.37,2931.66,6.83
2025-12-25T22:42:00.742173,ETHUSDT,2931.65,55.37,2931.66,6.45
2025-12-25T22:42:00.752568,ETHUSDT,2931.65,55.72,2931.66,6.45
2025-12-25T22:42:00.972782,ETHUSDT,2931.65,55.37,2931.66,6.45
2025-12-25T22:42:01.072288,ETHUSDT,2931.65,55.72,2931.66,6.45
2025-12-25T22:42:01.080868,ETHUSDT,2931.65,23.84,2931.66,15.92
2025-12-25T22:42:01.094942,ETHUSDT,2931.65,10.68,2931.66,18.03
2025-12-25T22:42:01.102112,ETHUSDT,2931.65,7.62,2931.66,20.74
2025-12-25T22:42:01.111928,ETHUSDT,2931.65,3.22,2931.66,20.86
2025-12-25T22:42:01.121611,ETHUSDT,2931.60,0.01,2931.61,18.33
2025-12-25T22:42:01.131938,ETHUSDT,2931.58,1.20,2931.59,38.11
2025-12-25T22:42:01.153127,ETHUSDT,2931.36,0.01,2931.37,3.21
2025-12-25T22:42:01.161908,ETHUSDT,2931.27,19.00,2931.28,41.60
2025-12-25T22:42:01.172289,ETHUSDT,2931.27,16.91,2931.28,47.51
2025-12-25T22:42:01.181993,ETHUSDT,2931.27,16.91,2931.28,47.67
2025-12-25T22:42:01.198785,ETHUSDT,2931.27,16.91,2931.28,48.67
2025-12-25T22:42:01.212705,ETHUSDT,2931.27,16.91,2931.28,35.01
2025-12-25T22:42:01.222572,ETHUSDT,2931.27,16.91,2931.28,34.18
2025-12-25T22:42:01.232677,ETHUSDT,2931.27,16.91,2931.28,31.79
2025-12-25T22:42:01.242681,ETHUSDT,2931.27,5.15,2931.28,31.79
2025-12-25T22:42:01.251780,ETHUSDT,2931.27,5.15,2931.28,31.80
2025-12-25T22:42:01.262206,ETHUSDT,2931.27,5.50,2931.28,31.80
2025-12-25T22:42:01.325011,ETHUSDT,2931.27,6.12,2931.28,31.80
2025-12-25T22:42:01.435218,ETHUSDT,2931.27,6.12,2931.28,28.60
2025-12-25T22:42:01.447220,ETHUSDT,2931.27,6.12,2931.28,25.43
2025-12-25T22:42:01.632565,ETHUSDT,2931.27,5.77,2931.28,25.43
2025-12-25T22:42:01.661922,ETHUSDT,2931.27,3.21,2931.28,25.43
2025-12-25T22:42:01.721985,ETHUSDT,2931.27,3.21,2931.28,25.26
2025-12-25T22:42:01.734348,ETHUSDT,2931.27,3.56,2931.28,25.26
2025-12-25T22:42:01.813932,ETHUSDT,2931.27,7.02,2931.28,23.09
2025-12-25T22:42:01.842982,ETHUSDT,2931.27,7.02,2931.28,22.10
2025-12-25T22:42:01.922553,ETHUSDT,2931.27,6.67,2931.28,22.10
2025-12-25T22:42:01.972636,ETHUSDT,2931.27,3.21,2931.28,22.10
2025-12-25T22:42:02.022434,ETHUSDT,2931.27,3.56,2931.28,22.10
2025-12-25T22:42:02.042480,ETHUSDT,2931.27,3.21,2931.28,22.10
2025-12-25T22:42:02.051873,ETHUSDT,2931.27,0.48,2931.28,22.10
2025-12-25T22:42:02.061727,ETHUSDT,2931.20,29.17,2931.21,20.30
2025-12-25T22:42:02.082088,ETHUSDT,2931.20,29.17,2931.21,20.31
2025-12-25T22:42:02.093137,ETHUSDT,2931.20,29.17,2931.21,20.47
2025-12-25T22:42:02.101760,ETHUSDT,2931.20,29.17,2931.21,21.45
2025-12-25T22:42:02.152641,ETHUSDT,2931.20,29.52,2931.21,21.45
2025-12-25T22:42:02.194528,ETHUSDT,2931.20,30.03,2931.21,21.45
2025-12-25T22:42:02.202379,ETHUSDT,2931.20,29.68,2931.21,21.45
2025-12-25T22:42:02.212163,ETHUSDT,2931.20,29.68,2931.21,14.01
2025-12-25T22:42:02.252346,ETHUSDT,2931.20,29.88,2931.21,14.01
2025-12-25T22:42:02.312792,ETHUSDT,2931.20,30.23,2931.21,14.01
2025-12-25T22:42:02.863728,ETHUSDT,2931.20,30.23,2931.21,9.76
2025-12-25T22:42:02.864503,ETHUSDT,2931.20,30.23,2931.21,4.63
2025-12-25T22:42:02.865660,ETHUSDT,2931.20,30.23,2931.21,4.62
2025-12-25T22:42:02.942782,ETHUSDT,2931.20,30.23,2931.21,4.63
2025-12-25T22:42:03.102046,ETHUSDT,2931.20,30.23,2931.21,3.84
2025-12-25T22:42:03.132444,ETHUSDT,2931.20,30.23,2931.21,4.63
2025-12-25T22:42:03.293869,ETHUSDT,2931.20,33.63,2931.21,4.63
2025-12-25T22:42:03.322634,ETHUSDT,2931.20,33.63,2931.21,4.58
2025-12-25T22:42:03.332068,ETHUSDT,2931.20,33.63,2931.21,4.63
2025-12-25T22:42:03.452379,ETHUSDT,2931.20,30.23,2931.21,4.63
2025-12-25T22:42:03.461574,ETHUSDT,2931.20,30.23,2931.21,3.48
2025-12-25T22:42:03.475316,ETHUSDT,2931.20,30.23,2931.21,4.62
2025-12-25T22:42:03.533374,ETHUSDT,2931.20,30.23,2931.21,4.37
2025-12-25T22:42:03.561805,ETHUSDT,2931.20,30.23,2931.21,4.62
2025-12-25T22:42:03.702812,ETHUSDT,2931.20,30.23,2931.21,4.39
2025-12-25T22:42:03.712647,ETHUSDT,2931.20,30.23,2931.21,4.62
2025-12-25T22:42:03.932967,ETHUSDT,2931.20,30.23,2931.21,1.16
2025-12-25T22:42:04.032602,ETHUSDT,2931.20,30.24,2931.21,1.16
2025-12-25T22:42:04.061870,ETHUSDT,2931.20,30.24,2931.21,3.72
2025-12-25T22:42:04.071623,ETHUSDT,2931.20,30.24,2931.21,7.18
2025-12-25T22:42:04.132214,ETHUSDT,2931.20,30.72,2931.21,7.18
2025-12-25T22:42:04.642405,ETHUSDT,2931.20,30.72,2931.21,8.91
2025-12-25T22:42:04.733765,ETHUSDT,2931.20,30.72,2931.21,7.91
2025-12-25T22:42:04.741839,ETHUSDT,2931.20,30.72,2931.21,8.90
2025-12-25T22:42:04.901784,ETHUSDT,2931.20,30.72,2931.21,11.50
2025-12-25T22:42:05.031978,ETHUSDT,2931.20,30.37,2931.21,11.50
2025-12-25T22:42:05.061915,ETHUSDT,2931.20,30.37,2931.21,13.10
2025-12-25T22:42:05.072169,ETHUSDT,2931.20,30.37,2931.21,10.54
2025-12-25T22:42:05.081962,ETHUSDT,2931.14,0.02,2931.21,13.04
2025-12-25T22:42:05.096276,ETHUSDT,2931.12,49.54,2931.13,32.25
2025-12-25T22:42:05.101672,ETHUSDT,2931.12,49.54,2931.13,33.98
2025-12-25T22:42:05.113767,ETHUSDT,2931.12,49.54,2931.13,34.73
2025-12-25T22:42:05.131923,ETHUSDT,2931.12,49.89,2931.13,34.73
2025-12-25T22:42:05.182241,ETHUSDT,2931.12,49.89,2931.13,33.82
2025-12-25T22:42:05.232108,ETHUSDT,2931.12,50.41,2931.13,33.82
2025-12-25T22:42:05.262174,ETHUSDT,2931.12,50.41,2931.13,8.47
2025-12-25T22:42:05.281837,ETHUSDT,2931.12,50.06,2931.13,7.62
2025-12-25T22:42:05.425524,ETHUSDT,2931.12,50.41,2931.13,7.62
2025-12-25T22:42:05.453142,ETHUSDT,2931.12,50.42,2931.13,7.62
2025-12-25T22:42:05.673350,ETHUSDT,2931.12,50.49,2931.13,7.62
2025-12-25T22:42:05.692139,ETHUSDT,2931.12,50.49,2931.13,5.37
2025-12-25T22:42:05.702180,ETHUSDT,2931.12,51.37,2931.13,6.36
2025-12-25T22:42:05.762491,ETHUSDT,2931.12,51.37,2931.13,4.54
2025-12-25T22:42:05.772599,ETHUSDT,2931.12,51.37,2931.13,1.08
2025-12-25T22:42:05.811613,ETHUSDT,2931.12,51.32,2931.13,4.54
2025-12-25T22:42:05.882783,ETHUSDT,2931.12,51.32,2931.13,4.52
2025-12-25T22:42:06.152939,ETHUSDT,2931.12,51.32,2931.13,6.69
2025-12-25T22:42:06.343555,ETHUSDT,2931.12,51.32,2931.13,3.23
2025-12-25T22:42:06.432349,ETHUSDT,2931.12,51.32,2931.13,2.24
2025-12-25T22:42:06.756103,ETHUSDT,2931.12,51.32,2931.28,0.02
2025-12-25T22:42:06.756787,ETHUSDT,2931.27,9.63,2931.28,0.01
2025-12-25T22:42:06.757209,ETHUSDT,2931.27,10.51,2931.28,0.01
2025-12-25T22:42:06.757631,ETHUSDT,2931.27,10.51,2931.28,3.63
2025-12-25T22:42:06.758205,ETHUSDT,2931.27,10.51,2931.28,4.62
2025-12-25T22:42:06.771660,ETHUSDT,2931.27,11.03,2931.28,4.62
2025-12-25T22:42:07.369660,ETHUSDT,2931.27,7.57,2931.28,4.62
2025-12-25T22:42:07.394101,ETHUSDT,2931.27,11.03,2931.28,4.62
2025-12-25T22:42:07.778830,ETHUSDT,2931.27,14.44,2931.28,1.16
2025-12-25T22:42:07.779714,ETHUSDT,2931.27,14.44,2931.28,0.17
2025-12-25T22:42:07.902637,ETHUSDT,2931.27,13.15,2931.28,0.17
2025-12-25T22:42:08.501951,ETHUSDT,2931.27,13.54,2931.28,0.17
2025-12-25T22:42:08.632519,ETHUSDT,2931.27,13.54,2931.28,0.15
2025-12-25T22:42:08.794589,ETHUSDT,2931.27,13.15,2931.28,0.15
2025-12-25T22:42:09.212187,ETHUSDT,2931.27,13.15,2931.28,0.16
2025-12-25T22:42:09.452234,ETHUSDT,2931.27,13.18,2931.28,0.16
2025-12-25T22:42:09.804178,ETHUSDT,2931.27,44.10,2931.28,0.16
2025-12-25T22:42:09.804932,ETHUSDT,2931.49,9.28,2931.50,10.24
2025-12-25T22:42:09.805373,ETHUSDT,2931.49,5.45,2931.50,5.05
2025-12-25T22:42:09.805801,ETHUSDT,2931.49,6.33,2931.50,3.48
2025-12-25T22:42:09.806466,ETHUSDT,2931.49,5.98,2931.50,6.94
2025-12-25T22:42:09.813175,ETHUSDT,2931.49,0.88,2931.50,6.94
2025-12-25T22:42:09.824109,ETHUSDT,2931.49,0.88,2931.50,7.79
2025-12-25T22:42:09.831708,ETHUSDT,2931.49,0.88,2931.50,14.62
2025-12-25T22:42:09.851685,ETHUSDT,2931.49,1.40,2931.50,14.62
2025-12-25T22:42:09.894560,ETHUSDT,2931.49,1.40,2931.50,7.79
2025-12-25T22:42:09.912131,ETHUSDT,2931.49,1.75,2931.50,7.79
2025-12-25T22:42:09.926857,ETHUSDT,2931.49,1.40,2931.50,7.79
2025-12-25T22:42:09.942367,ETHUSDT,2931.49,1.40,2931.50,8.44
2025-12-25T22:42:09.981825,ETHUSDT,2931.30,0.30,2931.31,4.18
2025-12-25T22:42:09.996765,ETHUSDT,2931.20,3.76,2931.21,8.94
2025-12-25T22:42:10.006428,ETHUSDT,2931.20,8.51,2931.21,8.95
2025-12-25T22:42:10.012650,ETHUSDT,2931.20,8.51,2931.21,6.64
2025-12-25T22:42:10.021651,ETHUSDT,2931.20,61.22,2931.21,1.86
2025-12-25T22:42:10.032153,ETHUSDT,2931.20,61.22,2931.21,0.17
2025-12-25T22:42:10.082743,ETHUSDT,2931.20,61.38,2931.21,0.17
2025-12-25T22:42:10.132466,ETHUSDT,2931.20,61.89,2931.21,0.17
2025-12-25T22:42:10.441968,ETHUSDT,2931.20,61.89,2931.21,0.47
2025-12-25T22:42:10.442872,ETHUSDT,2931.20,61.89,2931.21,0.17
2025-12-25T22:42:10.443568,ETHUSDT,2931.20,58.32,2931.21,7.09
2025-12-25T22:42:10.522464,ETHUSDT,2931.20,86.12,2931.21,7.09
2025-12-25T22:42:10.532710,ETHUSDT,2931.20,86.12,2931.21,8.07
2025-12-25T22:42:10.562359,ETHUSDT,2931.20,86.14,2931.21,8.07
2025-12-25T22:42:10.632643,ETHUSDT,2931.20,86.12,2931.21,1.15
2025-12-25T22:42:10.872850,ETHUSDT,2931.20,86.12,2931.21,4.61
2025-12-25T22:42:10.932644,ETHUSDT,2931.20,86.12,2931.21,3.63
2025-12-25T22:42:10.962178,ETHUSDT,2931.20,86.12,2931.21,3.60
2025-12-25T22:42:10.972364,ETHUSDT,2931.20,33.41,2931.21,5.42
2025-12-25T22:42:11.082713,ETHUSDT,2931.20,33.41,2931.21,6.40
2025-12-25T22:42:11.162185,ETHUSDT,2931.20,33.41,2931.21,23.66
2025-12-25T22:42:11.171661,ETHUSDT,2931.20,79.48,2931.21,32.50
2025-12-25T22:42:11.251999,ETHUSDT,2931.20,79.48,2931.21,32.51
2025-12-25T22:42:11.432797,ETHUSDT,2931.20,79.48,2931.21,31.53
2025-12-25T22:42:11.622153,ETHUSDT,2931.20,79.13,2931.21,31.53
2025-12-25T22:42:11.668192,ETHUSDT,2931.20,79.13,2931.21,32.52
2025-12-25T22:42:11.702596,ETHUSDT,2931.20,79.11,2931.21,32.52
2025-12-25T22:42:11.722173,ETHUSDT,2931.20,79.46,2931.21,32.52
2025-12-25T22:42:11.901870,ETHUSDT,2931.20,79.46,2931.21,32.17
2025-12-25T22:42:11.912706,ETHUSDT,2931.20,79.46,2931.21,32.33
2025-12-25T22:42:12.033647,ETHUSDT,2931.20,79.46,2931.21,31.34
2025-12-25T22:42:12.081707,ETHUSDT,2931.20,79.46,2931.21,32.33
2025-12-25T22:42:12.490298,ETHUSDT,2931.20,79.46,2931.21,31.34
2025-12-25T22:42:12.901091,ETHUSDT,2931.20,79.11,2931.21,31.34
2025-12-25T22:42:12.921771,ETHUSDT,2931.20,79.11,2931.21,32.32
2025-12-25T22:42:12.932272,ETHUSDT,2931.20,75.65,2931.21,32.32
2025-12-25T22:42:12.982180,ETHUSDT,2931.20,76.00,2931.21,32.32
2025-12-25T22:42:13.012665,ETHUSDT,2931.20,76.00,2931.21,31.34
2025-12-25T22:42:13.053094,ETHUSDT,2931.20,76.00,2931.21,32.32
2025-12-25T22:42:13.122352,ETHUSDT,2931.20,76.00,2931.21,32.28
2025-12-25T22:42:13.432388,ETHUSDT,2931.20,76.00,2931.21,32.27
2025-12-25T22:42:13.483219,ETHUSDT,2931.20,76.00,2931.21,32.23
2025-12-25T22:42:13.632870,ETHUSDT,2931.20,76.00,2931.21,30.41
2025-12-25T22:42:14.072882,ETHUSDT,2931.20,76.00,2931.21,30.40
2025-12-25T22:42:14.112578,ETHUSDT,2931.20,76.00,2931.21,27.25
2025-12-25T22:42:14.152850,ETHUSDT,2931.20,76.00,2931.21,26.27
2025-12-25T22:42:14.202990,ETHUSDT,2931.20,76.00,2931.21,27.25
2025-12-25T22:42:14.212186,ETHUSDT,2931.20,76.00,2931.21,26.27
2025-12-25T22:42:14.672815,ETHUSDT,2931.20,76.00,2931.21,26.18
2025-12-25T22:42:14.813019,ETHUSDT,2931.20,74.98,2931.21,24.28
2025-12-25T22:42:14.842829,ETHUSDT,2931.20,75.00,2931.21,24.28
2025-12-25T22:42:14.882455,ETHUSDT,2931.20,75.51,2931.21,24.28
2025-12-25T22:42:15.252102,ETHUSDT,2931.20,75.51,2931.21,24.27
2025-12-25T22:42:15.342287,ETHUSDT,2931.20,75.49,2931.21,24.27
2025-12-25T22:42:16.102933,ETHUSDT,2931.20,75.76,2931.21,24.27
2025-12-25T22:42:16.112719,ETHUSDT,2931.20,80.92,2931.21,24.27
2025-12-25T22:42:16.121801,ETHUSDT,2931.20,80.94,2931.21,24.27
2025-12-25T22:42:16.214174,ETHUSDT,2931.20,79.75,2931.21,24.27
2025-12-25T22:42:16.452967,ETHUSDT,2931.20,79.78,2931.21,24.27
2025-12-25T22:42:16.790091,ETHUSDT,2931.20,74.35,2931.21,24.27
2025-12-25T22:42:16.790828,ETHUSDT,2931.20,79.90,2931.21,24.27
2025-12-25T22:42:16.791260,ETHUSDT,2931.20,74.33,2931.21,24.27
2025-12-25T22:42:16.791713,ETHUSDT,2931.20,79.69,2931.21,24.27
2025-12-25T22:42:16.932815,ETHUSDT,2931.20,79.96,2931.21,24.27
2025-12-25T22:42:16.942589,ETHUSDT,2931.20,80.03,2931.21,24.27
2025-12-25T22:42:16.951880,ETHUSDT,2931.20,79.96,2931.21,24.27
2025-12-25T22:42:17.095675,ETHUSDT,2931.20,80.36,2931.21,20.85
2025-12-25T22:42:17.103782,ETHUSDT,2931.20,80.36,2931.21,20.11
2025-12-25T22:42:17.114603,ETHUSDT,2931.20,80.36,2931.21,13.66
2025-12-25T22:42:17.123668,ETHUSDT,2931.20,80.36,2931.21,9.24
2025-12-25T22:42:17.134688,ETHUSDT,2931.20,80.43,2931.21,9.24
2025-12-25T22:42:17.144380,ETHUSDT,2931.20,80.36,2931.21,2.94
2025-12-25T22:42:17.154605,ETHUSDT,2931.27,1.05,2931.28,0.01
2025-12-25T22:42:17.163560,ETHUSDT,2931.29,36.82,2931.30,0.01
2025-12-25T22:42:17.174138,ETHUSDT,2931.29,35.05,2931.30,0.01
2025-12-25T22:42:17.184814,ETHUSDT,2931.29,35.05,2931.30,0.17
2025-12-25T22:42:17.214569,ETHUSDT,2931.29,35.32,2931.30,0.17
2025-12-25T22:42:17.223116,ETHUSDT,2931.29,41.20,2931.30,0.17
2025-12-25T22:42:17.254973,ETHUSDT,2931.29,41.71,2931.30,0.17
2025-12-25T22:42:17.265814,ETHUSDT,2931.29,40.97,2931.30,0.18
2025-12-25T22:42:17.275884,ETHUSDT,2931.29,45.14,2931.30,0.18
2025-12-25T22:42:17.404072,ETHUSDT,2931.29,45.54,2931.30,0.18
2025-12-25T22:42:17.453509,ETHUSDT,2931.29,45.57,2931.30,0.18
2025-12-25T22:42:17.484428,ETHUSDT,2931.29,34.15,2931.30,0.18
2025-12-25T22:42:17.507336,ETHUSDT,2931.29,32.66,2931.30,0.18
2025-12-25T22:42:17.726300,ETHUSDT,2931.29,32.66,2931.30,0.17
2025-12-25T22:42:17.814791,ETHUSDT,2931.29,32.59,2931.30,0.17
2025-12-25T22:42:18.436880,ETHUSDT,2931.29,32.53,2931.30,0.17
2025-12-25T22:42:18.456124,ETHUSDT,2931.29,32.56,2931.30,0.17
2025-12-25T22:42:18.522500,ETHUSDT,2931.29,32.41,2931.30,0.17
2025-12-25T22:42:18.925543,ETHUSDT,2931.72,6.92,2931.73,1.65
2025-12-25T22:42:18.938390,ETHUSDT,2931.72,5.45,2931.73,6.59
2025-12-25T22:42:18.942086,ETHUSDT,2931.72,5.45,2931.73,8.48
2025-12-25T22:42:18.952076,ETHUSDT,2931.72,5.45,2931.73,10.36
2025-12-25T22:42:18.972243,ETHUSDT,2931.72,5.45,2931.73,10.60
2025-12-25T22:42:18.999988,ETHUSDT,2931.72,5.45,2931.73,10.86
2025-12-25T22:42:19.012513,ETHUSDT,2931.72,5.96,2931.73,10.86
2025-12-25T22:42:19.031915,ETHUSDT,2931.72,5.96,2931.73,11.37
2025-12-25T22:42:19.072393,ETHUSDT,2931.72,5.96,2931.73,11.92
2025-12-25T22:42:19.093505,ETHUSDT,2931.72,5.96,2931.73,12.31
2025-12-25T22:42:19.182850,ETHUSDT,2931.72,5.96,2931.73,12.07
2025-12-25T22:42:19.213433,ETHUSDT,2931.72,5.96,2931.73,12.04
2025-12-25T22:42:19.221819,ETHUSDT,2931.72,5.96,2931.73,11.81
2025-12-25T22:42:19.247307,ETHUSDT,2931.72,5.96,2931.73,11.55
2025-12-25T22:42:19.252516,ETHUSDT,2931.72,8.32,2931.73,9.16
2025-12-25T22:42:19.281880,ETHUSDT,2931.72,8.32,2931.73,9.04
