ts,symbol,best_bid_price,best_bid_size,best_ask_price,best_ask_size
2025-12-25T23:46:40.840026,ETHUSDT,2892.89,3.67,2892.90,23.97
2025-12-25T23:46:40.864903,ETHUSDT,2892.89,3.54,2892.90,26.89
2025-12-25T23:46:40.875117,ETHUSDT,2892.86,0.02,2892.87,1.92
2025-12-25T23:46:40.885344,ETHUSDT,2892.62,0.35,2892.63,9.33
2025-12-25T23:46:40.895409,ETHUSDT,2892.62,0.36,2892.63,84.38
2025-12-25T23:46:40.904721,ETHUSDT,2892.50,0.18,2892.51,1.60
2025-12-25T23:46:40.917673,ETHUSDT,2892.50,0.26,2892.51,50.85
2025-12-25T23:46:40.924761,ETHUSDT,2892.50,0.26,2892.51,53.62
2025-12-25T23:46:40.936648,ETHUSDT,2892.43,0.02,2892.44,48.91
2025-12-25T23:46:40.943835,ETHUSDT,2892.43,0.03,2892.44,50.07
2025-12-25T23:46:40.955214,ETHUSDT,2892.43,0.03,2892.44,50.43
2025-12-25T23:46:40.964677,ETHUSDT,2892.43,4.89,2892.44,50.95
2025-12-25T23:46:40.994702,ETHUSDT,2892.43,8.34,2892.44,50.95
2025-12-25T23:46:41.004748,ETHUSDT,2892.43,8.34,2892.44,50.43
2025-12-25T23:46:41.034905,ETHUSDT,2892.43,8.34,2892.44,50.78
2025-12-25T23:46:41.056530,ETHUSDT,2892.09,38.78,2892.44,50.78
2025-12-25T23:46:41.065139,ETHUSDT,2892.09,46.09,2892.10,21.77
2025-12-25T23:46:41.075191,ETHUSDT,2892.15,5.51,2892.18,1.34
2025-12-25T23:46:41.084635,ETHUSDT,2892.29,30.51,2892.30,12.53
2025-12-25T23:46:41.095139,ETHUSDT,2892.29,17.93,2892.30,26.97
2025-12-25T23:46:41.104775,ETHUSDT,2892.29,0.16,2892.30,43.20
2025-12-25T23:46:41.134195,ETHUSDT,2892.29,0.17,2892.30,44.46
2025-12-25T23:46:41.165885,ETHUSDT,2892.29,3.62,2892.30,44.46
2025-12-25T23:46:41.177965,ETHUSDT,2892.29,0.57,2892.30,44.46
2025-12-25T23:46:41.184863,ETHUSDT,2892.29,0.72,2892.30,44.46
2025-12-25T23:46:41.195238,ETHUSDT,2892.29,0.58,2892.30,44.46
2025-12-25T23:46:41.247383,ETHUSDT,2892.29,0.58,2892.30,46.08
2025-12-25T23:46:41.252586,ETHUSDT,2892.29,0.58,2892.30,46.06
2025-12-25T23:46:41.509430,ETHUSDT,2892.29,0.58,2892.30,46.16
2025-12-25T23:46:41.624812,ETHUSDT,2892.29,0.58,2892.30,42.46
2025-12-25T23:46:41.644995,ETHUSDT,2892.29,0.58,2892.30,45.07
2025-12-25T23:46:41.655488,ETHUSDT,2892.29,17.15,2892.30,30.82
2025-12-25T23:46:41.675724,ETHUSDT,2892.29,17.15,2892.30,30.04
2025-12-25T23:46:41.706180,ETHUSDT,2892.29,17.15,2892.30,28.41
2025-12-25T23:46:41.718275,ETHUSDT,2892.29,16.96,2892.30,28.41
2025-12-25T23:46:41.755771,ETHUSDT,2892.29,16.96,2892.30,28.77
2025-12-25T23:46:41.805934,ETHUSDT,2892.29,16.96,2892.30,22.05
2025-12-25T23:46:41.885585,ETHUSDT,2892.29,16.96,2892.30,22.02
2025-12-25T23:46:41.916005,ETHUSDT,2892.29,16.96,2892.30,24.16
2025-12-25T23:46:41.975894,ETHUSDT,2892.29,0.40,2892.30,24.16
2025-12-25T23:46:42.005210,ETHUSDT,2892.29,0.40,2892.30,25.36
2025-12-25T23:46:42.015068,ETHUSDT,2892.29,0.40,2892.30,26.99
2025-12-25T23:46:42.084685,ETHUSDT,2892.29,1.02,2892.30,26.99
2025-12-25T23:46:42.105033,ETHUSDT,2892.29,1.02,2892.30,26.49
2025-12-25T23:46:42.194825,ETHUSDT,2892.29,1.15,2892.30,26.49
2025-12-25T23:46:42.217100,ETHUSDT,2892.29,60.61,2892.30,6.00
2025-12-25T23:46:42.224813,ETHUSDT,2892.29,58.30,2892.30,8.93
2025-12-25T23:46:42.235169,ETHUSDT,2892.29,59.03,2892.30,5.33
2025-12-25T23:46:42.245342,ETHUSDT,2892.29,58.34,2892.30,4.43
2025-12-25T23:46:42.255469,ETHUSDT,2892.29,59.20,2892.30,4.43
2025-12-25T23:46:42.265525,ETHUSDT,2892.29,59.20,2892.30,4.31
2025-12-25T23:46:42.274931,ETHUSDT,2892.29,74.74,2892.30,2.66
2025-12-25T23:46:42.305093,ETHUSDT,2892.29,74.78,2892.30,2.66
2025-12-25T23:46:42.318894,ETHUSDT,2892.29,75.47,2892.30,2.66
2025-12-25T23:46:42.324619,ETHUSDT,2892.29,75.72,2892.30,2.66
2025-12-25T23:46:42.334818,ETHUSDT,2892.29,76.68,2892.30,1.60
2025-12-25T23:46:42.345110,ETHUSDT,2892.32,3.04,2892.39,0.02
2025-12-25T23:46:42.355533,ETHUSDT,2892.45,100.73,2892.46,0.32
2025-12-25T23:46:42.364917,ETHUSDT,2892.45,91.80,2892.46,0.33
2025-12-25T23:46:42.401491,ETHUSDT,2892.45,91.12,2892.46,0.33
2025-12-25T23:46:42.406345,ETHUSDT,2892.45,96.55,2892.46,0.33
2025-12-25T23:46:42.424971,ETHUSDT,2892.47,8.31,2892.48,0.01
2025-12-25T23:46:42.434971,ETHUSDT,2892.47,98.75,2892.48,0.02
2025-12-25T23:46:42.484961,ETHUSDT,2892.47,101.98,2892.48,0.02
2025-12-25T23:46:42.518369,ETHUSDT,2892.47,98.10,2892.48,7.04
2025-12-25T23:46:42.526299,ETHUSDT,2892.47,98.10,2892.48,13.53
2025-12-25T23:46:42.536558,ETHUSDT,2892.47,98.10,2892.48,13.89
2025-12-25T23:46:42.544930,ETHUSDT,2892.47,97.02,2892.48,13.89
2025-12-25T23:46:42.555645,ETHUSDT,2892.47,97.16,2892.48,13.89
2025-12-25T23:46:42.565717,ETHUSDT,2892.47,44.55,2892.48,26.90
2025-12-25T23:46:42.575065,ETHUSDT,2892.47,41.38,2892.48,26.90
2025-12-25T23:46:42.596188,ETHUSDT,2892.47,34.90,2892.48,26.90
2025-12-25T23:46:42.615231,ETHUSDT,2892.47,8.70,2892.48,28.72
2025-12-25T23:46:42.625155,ETHUSDT,2892.47,8.66,2892.48,29.62
2025-12-25T23:46:42.644946,ETHUSDT,2892.47,4.76,2892.48,29.97
2025-12-25T23:46:42.835646,ETHUSDT,2892.47,4.63,2892.48,29.97
2025-12-25T23:46:42.845116,ETHUSDT,2892.47,4.64,2892.48,29.97
2025-12-25T23:46:42.904574,ETHUSDT,2892.47,11.13,2892.48,29.97
2025-12-25T23:46:42.918739,ETHUSDT,2892.47,27.26,2892.48,21.83
2025-12-25T23:46:42.924743,ETHUSDT,2892.47,27.26,2892.48,14.24
2025-12-25T23:46:42.935745,ETHUSDT,2892.47,26.94,2892.48,14.24
2025-12-25T23:46:42.975760,ETHUSDT,2892.47,26.94,2892.48,0.74
2025-12-25T23:46:42.985976,ETHUSDT,2892.47,26.98,2892.48,0.74
2025-12-25T23:46:42.995582,ETHUSDT,2892.47,25.74,2892.48,0.74
2025-12-25T23:46:43.026062,ETHUSDT,2892.47,25.74,2892.48,1.42
2025-12-25T23:46:43.035040,ETHUSDT,2892.47,25.74,2892.48,6.27
2025-12-25T23:46:43.045688,ETHUSDT,2892.47,25.93,2892.48,6.27
2025-12-25T23:46:43.055239,ETHUSDT,2892.47,25.93,2892.48,6.11
2025-12-25T23:46:43.116679,ETHUSDT,2892.47,25.93,2892.48,24.14
2025-12-25T23:46:43.126021,ETHUSDT,2892.47,25.93,2892.48,24.30
2025-12-25T23:46:43.155403,ETHUSDT,2892.47,8.13,2892.48,24.30
2025-12-25T23:46:43.165182,ETHUSDT,2892.47,3.28,2892.48,24.30
2025-12-25T23:46:43.185380,ETHUSDT,2892.47,3.28,2892.48,26.42
2025-12-25T23:46:43.204763,ETHUSDT,2892.47,14.62,2892.48,26.42
2025-12-25T23:46:43.219259,ETHUSDT,2892.47,9.77,2892.48,30.02
2025-12-25T23:46:43.225630,ETHUSDT,2892.47,9.77,2892.48,26.42
2025-12-25T23:46:43.234925,ETHUSDT,2892.47,3.28,2892.48,26.42
2025-12-25T23:46:43.245392,ETHUSDT,2892.47,14.62,2892.48,26.42
2025-12-25T23:46:43.254460,ETHUSDT,2892.47,27.05,2892.48,10.61
2025-12-25T23:46:43.265241,ETHUSDT,2892.47,27.05,2892.48,14.91
2025-12-25T23:46:43.296662,ETHUSDT,2892.47,27.05,2892.48,18.81
2025-12-25T23:46:43.305369,ETHUSDT,2892.47,27.05,2892.48,8.37
2025-12-25T23:46:43.317572,ETHUSDT,2892.47,27.10,2892.48,2.32
2025-12-25T23:46:43.345112,ETHUSDT,2892.47,22.25,2892.48,56.44
2025-12-25T23:46:43.354916,ETHUSDT,2892.47,14.81,2892.48,56.44
2025-12-25T23:46:43.375178,ETHUSDT,2892.47,8.32,2892.48,56.44
2025-12-25T23:46:43.405372,ETHUSDT,2892.47,13.17,2892.48,56.44
2025-12-25T23:46:43.425059,ETHUSDT,2892.47,17.59,2892.48,49.59
2025-12-25T23:46:43.435500,ETHUSDT,2892.47,24.44,2892.48,39.69
2025-12-25T23:46:43.544416,ETHUSDT,2892.47,23.19,2892.48,39.69
2025-12-25T23:46:43.555541,ETHUSDT,2892.47,13.30,2892.48,39.69
2025-12-25T23:46:43.605291,ETHUSDT,2892.47,18.15,2892.48,39.69
2025-12-25T23:46:43.624824,ETHUSDT,2892.47,20.81,2892.48,39.69
2025-12-25T23:46:44.015932,ETHUSDT,2892.47,21.22,2892.48,39.69
2025-12-25T23:46:44.024876,ETHUSDT,2892.47,21.82,2892.48,39.69
2025-12-25T23:46:44.058156,ETHUSDT,2892.47,21.82,2892.48,28.13
2025-12-25T23:46:44.065181,ETHUSDT,2892.47,27.13,2892.48,2.30
2025-12-25T23:46:44.075445,ETHUSDT,2892.47,27.13,2892.48,1.62
2025-12-25T23:46:44.084937,ETHUSDT,2892.47,27.13,2892.48,0.36
2025-12-25T23:46:44.095556,ETHUSDT,2892.47,32.78,2892.48,0.36
2025-12-25T23:46:44.118295,ETHUSDT,2892.47,32.91,2892.48,0.36
2025-12-25T23:46:44.125335,ETHUSDT,2892.47,36.14,2892.48,0.36
2025-12-25T23:46:44.135218,ETHUSDT,2892.47,44.95,2892.48,0.36
2025-12-25T23:46:44.147679,ETHUSDT,2892.47,39.74,2892.48,0.36
2025-12-25T23:46:44.153761,ETHUSDT,2892.47,39.99,2892.48,0.36
2025-12-25T23:46:44.176125,ETHUSDT,2892.52,45.30,2892.53,0.02
2025-12-25T23:46:44.186021,ETHUSDT,2892.55,5.11,2892.56,0.37
2025-12-25T23:46:44.195520,ETHUSDT,2892.55,132.81,2892.56,0.37
2025-12-25T23:46:44.205120,ETHUSDT,2892.55,132.94,2892.56,0.37
2025-12-25T23:46:44.275651,ETHUSDT,2892.55,134.09,2892.56,0.37
2025-12-25T23:46:44.316225,ETHUSDT,2892.55,134.12,2892.56,0.55
2025-12-25T23:46:44.324590,ETHUSDT,2892.55,139.38,2892.56,0.55
2025-12-25T23:46:44.338152,ETHUSDT,2892.55,139.41,2892.56,0.55
2025-12-25T23:46:44.351065,ETHUSDT,2892.55,134.27,2892.56,0.55
2025-12-25T23:46:44.354904,ETHUSDT,2892.55,134.55,2892.56,0.55
2025-12-25T23:46:44.375164,ETHUSDT,2892.55,134.72,2892.56,0.19
2025-12-25T23:46:44.384325,ETHUSDT,2892.55,134.75,2892.56,0.10
2025-12-25T23:46:44.395155,ETHUSDT,2892.55,134.52,2892.56,0.10
2025-12-25T23:46:44.405243,ETHUSDT,2892.55,134.54,2892.56,0.10
2025-12-25T23:46:44.435337,ETHUSDT,2892.55,140.28,2892.56,0.10
2025-12-25T23:46:44.444612,ETHUSDT,2892.55,134.63,2892.56,0.10
2025-12-25T23:46:44.454949,ETHUSDT,2892.55,134.63,2892.56,0.05
2025-12-25T23:46:44.496374,ETHUSDT,2892.73,101.02,2892.74,4.96
2025-12-25T23:46:44.505067,ETHUSDT,2892.73,104.72,2892.74,0.12
2025-12-25T23:46:44.520928,ETHUSDT,2892.88,53.97,2892.89,29.19
2025-12-25T23:46:44.524613,ETHUSDT,2892.88,52.44,2892.89,29.19
2025-12-25T23:46:44.534296,ETHUSDT,2892.88,55.32,2892.89,25.26
2025-12-25T23:46:44.585605,ETHUSDT,2892.88,55.32,2892.89,25.14
2025-12-25T23:46:44.595296,ETHUSDT,2892.88,48.06,2892.89,25.14
2025-12-25T23:46:44.604886,ETHUSDT,2892.88,43.21,2892.89,25.14
2025-12-25T23:46:44.614851,ETHUSDT,2892.88,30.96,2892.89,25.34
2025-12-25T23:46:44.625212,ETHUSDT,2892.88,35.81,2892.89,21.89
2025-12-25T23:46:44.635496,ETHUSDT,2892.88,35.81,2892.89,22.24
2025-12-25T23:46:44.666587,ETHUSDT,2892.88,35.80,2892.89,22.24
2025-12-25T23:46:44.765749,ETHUSDT,2892.88,35.67,2892.89,15.55
2025-12-25T23:46:44.795060,ETHUSDT,2892.88,35.67,2892.89,12.99
2025-12-25T23:46:44.817330,ETHUSDT,2892.88,35.67,2892.89,6.50
2025-12-25T23:46:44.835271,ETHUSDT,2892.88,42.24,2892.89,1.25
2025-12-25T23:46:44.845759,ETHUSDT,2892.88,43.10,2892.89,1.25
2025-12-25T23:46:44.925907,ETHUSDT,2892.88,42.24,2892.89,1.25
2025-12-25T23:46:44.996260,ETHUSDT,2892.88,42.49,2892.89,1.25
2025-12-25T23:46:45.122210,ETHUSDT,2892.88,36.81,2892.89,6.50
2025-12-25T23:46:45.216458,ETHUSDT,2892.88,40.26,2892.89,6.50
2025-12-25T23:46:45.225074,ETHUSDT,2892.88,39.12,2892.89,6.50
2025-12-25T23:46:45.246163,ETHUSDT,2892.88,39.12,2892.89,13.26
2025-12-25T23:46:45.286261,ETHUSDT,2892.88,39.12,2892.89,19.95
2025-12-25T23:46:45.294749,ETHUSDT,2892.88,35.67,2892.89,26.80
2025-12-25T23:46:45.326683,ETHUSDT,2892.88,8.02,2892.89,26.80
2025-12-25T23:46:45.335017,ETHUSDT,2892.88,3.60,2892.89,27.70
2025-12-25T23:46:45.385977,ETHUSDT,2892.88,3.60,2892.89,28.99
2025-12-25T23:46:45.556055,ETHUSDT,2892.88,5.66,2892.89,28.99
2025-12-25T23:46:45.605253,ETHUSDT,2892.88,5.79,2892.89,28.99
2025-12-25T23:46:45.635213,ETHUSDT,2892.78,0.01,2892.79,13.01
2025-12-25T23:46:45.644591,ETHUSDT,2892.66,0.28,2892.67,27.68
2025-12-25T23:46:45.655397,ETHUSDT,2892.66,0.29,2892.67,95.65
2025-12-25T23:46:45.664771,ETHUSDT,2892.66,0.29,2892.67,79.01
2025-12-25T23:46:45.684942,ETHUSDT,2892.66,0.01,2892.67,79.01
2025-12-25T23:46:45.705072,ETHUSDT,2892.66,0.01,2892.67,58.83
2025-12-25T23:46:45.721652,ETHUSDT,2892.66,71.77,2892.67,0.02
2025-12-25T23:46:45.723416,ETHUSDT,2892.73,8.97,2892.74,0.01
2025-12-25T23:46:45.736772,ETHUSDT,2892.73,107.69,2892.74,0.02
2025-12-25T23:46:45.744887,ETHUSDT,2892.73,84.61,2892.74,6.52
2025-12-25T23:46:45.754802,ETHUSDT,2892.73,83.07,2892.74,6.52
2025-12-25T23:46:45.764542,ETHUSDT,2892.73,86.52,2892.74,6.51
2025-12-25T23:46:45.795711,ETHUSDT,2892.73,86.80,2892.74,6.51
2025-12-25T23:46:45.804623,ETHUSDT,2892.73,88.86,2892.74,6.51
2025-12-25T23:46:45.845653,ETHUSDT,2892.73,88.89,2892.74,6.51
2025-12-25T23:46:45.855267,ETHUSDT,2892.73,88.89,2892.74,6.86
2025-12-25T23:46:45.905265,ETHUSDT,2892.73,89.02,2892.74,6.86
2025-12-25T23:46:45.935989,ETHUSDT,2892.73,89.15,2892.74,6.86
2025-12-25T23:46:45.955684,ETHUSDT,2892.73,89.18,2892.74,7.54
2025-12-25T23:46:45.965553,ETHUSDT,2892.73,89.21,2892.74,7.54
2025-12-25T23:46:45.976272,ETHUSDT,2892.73,84.04,2892.74,14.39
2025-12-25T23:46:45.996601,ETHUSDT,2892.73,81.88,2892.74,14.39
2025-12-25T23:46:46.016607,ETHUSDT,2892.73,64.41,2892.74,19.47
2025-12-25T23:46:46.025427,ETHUSDT,2892.73,39.57,2892.74,20.57
2025-12-25T23:46:46.035200,ETHUSDT,2892.73,34.12,2892.74,21.47
2025-12-25T23:46:46.055732,ETHUSDT,2892.73,16.45,2892.74,21.47
2025-12-25T23:46:46.065978,ETHUSDT,2892.73,4.85,2892.74,22.77
2025-12-25T23:46:46.075430,ETHUSDT,2892.73,4.85,2892.74,22.62
2025-12-25T23:46:46.105560,ETHUSDT,2892.73,15.79,2892.74,22.62
2025-12-25T23:46:46.115666,ETHUSDT,2892.73,15.83,2892.74,22.62
2025-12-25T23:46:46.135672,ETHUSDT,2892.73,20.68,2892.74,22.62
2025-12-25T23:46:46.145115,ETHUSDT,2892.73,20.55,2892.74,22.62
2025-12-25T23:46:46.165619,ETHUSDT,2892.73,15.70,2892.74,22.62
2025-12-25T23:46:46.174930,ETHUSDT,2892.73,15.67,2892.74,22.62
2025-12-25T23:46:46.185553,ETHUSDT,2892.73,20.49,2892.74,22.62
2025-12-25T23:46:46.215712,ETHUSDT,2892.73,20.66,2892.74,10.69
2025-12-25T23:46:46.225017,ETHUSDT,2892.73,20.88,2892.74,29.58
2025-12-25T23:46:46.234761,ETHUSDT,2892.73,16.03,2892.74,29.59
2025-12-25T23:46:46.245124,ETHUSDT,2892.73,28.89,2892.74,29.59
2025-12-25T23:46:46.266083,ETHUSDT,2892.73,28.85,2892.74,29.59
2025-12-25T23:46:46.298438,ETHUSDT,2892.73,29.88,2892.74,28.49
2025-12-25T23:46:46.325768,ETHUSDT,2892.73,29.84,2892.74,28.49
2025-12-25T23:46:46.335181,ETHUSDT,2892.73,29.81,2892.74,28.49
2025-12-25T23:46:46.375303,ETHUSDT,2892.73,29.92,2892.74,28.49
2025-12-25T23:46:46.385779,ETHUSDT,2892.73,29.92,2892.74,30.45
2025-12-25T23:46:46.814050,ETHUSDT,2892.73,26.15,2892.74,30.45
2025-12-25T23:46:46.814697,ETHUSDT,2892.73,21.69,2892.74,30.45
2025-12-25T23:46:47.118187,ETHUSDT,2892.73,22.29,2892.74,5.84
2025-12-25T23:46:47.124903,ETHUSDT,2892.73,23.19,2892.74,12.33
2025-12-25T23:46:47.144856,ETHUSDT,2892.73,28.61,2892.74,14.13
2025-12-25T23:46:47.155153,ETHUSDT,2892.73,28.61,2892.74,7.64
2025-12-25T23:46:47.165130,ETHUSDT,2892.73,28.61,2892.74,3.77
2025-12-25T23:46:47.196939,ETHUSDT,2892.73,28.61,2892.74,4.12
2025-12-25T23:46:47.255802,ETHUSDT,2892.73,23.19,2892.74,4.12
2025-12-25T23:46:47.265040,ETHUSDT,2892.73,28.65,2892.74,4.12
2025-12-25T23:46:47.274710,ETHUSDT,2892.73,28.65,2892.74,10.61
2025-12-25T23:46:47.285263,ETHUSDT,2892.73,23.19,2892.74,10.61
2025-12-25T23:46:47.305153,ETHUSDT,2892.73,23.19,2892.74,17.30
2025-12-25T23:46:47.345506,ETHUSDT,2892.73,28.49,2892.74,17.29
2025-12-25T23:46:47.355044,ETHUSDT,2892.73,23.19,2892.74,18.97
2025-12-25T23:46:47.375081,ETHUSDT,2892.73,23.11,2892.74,18.97
2025-12-25T23:46:47.555595,ETHUSDT,2892.73,23.11,2892.74,21.48
2025-12-25T23:46:47.595457,ETHUSDT,2892.73,22.48,2892.74,21.48
2025-12-25T23:46:47.635644,ETHUSDT,2892.73,17.63,2892.74,21.48
2025-12-25T23:46:47.645164,ETHUSDT,2892.73,22.48,2892.74,21.48
2025-12-25T23:46:47.706196,ETHUSDT,2892.73,22.31,2892.74,21.48
2025-12-25T23:46:47.817909,ETHUSDT,2892.73,22.34,2892.74,21.48
2025-12-25T23:46:47.865600,ETHUSDT,2892.73,27.58,2892.74,21.48
2025-12-25T23:46:47.917363,ETHUSDT,2892.73,27.58,2892.74,19.88
2025-12-25T23:46:47.936247,ETHUSDT,2892.73,27.58,2892.74,20.68
2025-12-25T23:46:47.964752,ETHUSDT,2892.73,18.72,2892.74,21.58
2025-12-25T23:46:47.975641,ETHUSDT,2892.73,19.02,2892.74,21.58
2025-12-25T23:46:48.015624,ETHUSDT,2892.73,13.78,2892.74,21.58
2025-12-25T23:46:48.025184,ETHUSDT,2892.73,13.75,2892.74,21.58
2025-12-25T23:46:48.038532,ETHUSDT,2892.73,14.35,2892.74,21.58
2025-12-25T23:46:48.045254,ETHUSDT,2892.73,14.06,2892.74,22.81
2025-12-25T23:46:48.065067,ETHUSDT,2892.73,14.35,2892.74,22.81
2025-12-25T23:46:48.095464,ETHUSDT,2892.73,14.38,2892.74,22.81
2025-12-25T23:46:48.117303,ETHUSDT,2892.73,14.38,2892.74,22.66
2025-12-25T23:46:48.164911,ETHUSDT,2892.73,14.51,2892.74,22.66
2025-12-25T23:46:48.174712,ETHUSDT,2892.73,16.54,2892.74,21.76
2025-12-25T23:46:48.224813,ETHUSDT,2892.73,21.61,2892.74,21.76
2025-12-25T23:46:48.235176,ETHUSDT,2892.73,21.62,2892.74,21.76
2025-12-25T23:46:48.275564,ETHUSDT,2892.73,21.62,2892.74,21.66
2025-12-25T23:46:48.304599,ETHUSDT,2892.73,5.48,2892.74,21.69
2025-12-25T23:46:48.316529,ETHUSDT,2892.73,5.19,2892.74,21.70
2025-12-25T23:46:48.324363,ETHUSDT,2892.73,5.16,2892.74,21.70
2025-12-25T23:46:48.395515,ETHUSDT,2892.73,17.27,2892.74,21.70
2025-12-25T23:46:48.404621,ETHUSDT,2892.73,19.77,2892.74,21.70
2025-12-25T23:46:48.415210,ETHUSDT,2892.73,14.92,2892.74,21.70
2025-12-25T23:46:48.424426,ETHUSDT,2892.73,25.96,2892.74,20.47
2025-12-25T23:46:48.435136,ETHUSDT,2892.73,13.85,2892.74,21.65
2025-12-25T23:46:48.448341,ETHUSDT,2892.73,13.25,2892.74,21.65
2025-12-25T23:46:48.464845,ETHUSDT,2892.73,13.25,2892.74,21.45
2025-12-25T23:46:48.475332,ETHUSDT,2892.73,18.10,2892.74,21.45
2025-12-25T23:46:48.495095,ETHUSDT,2892.73,13.25,2892.74,21.45
2025-12-25T23:46:48.565618,ETHUSDT,2892.73,13.12,2892.74,21.45
2025-12-25T23:46:48.756070,ETHUSDT,2892.93,4.60,2892.94,0.02
2025-12-25T23:46:48.764980,ETHUSDT,2892.95,29.84,2892.96,34.44
2025-12-25T23:46:48.775589,ETHUSDT,2892.95,32.15,2892.96,36.79
2025-12-25T23:46:48.784943,ETHUSDT,2892.95,8.66,2892.96,36.79
2025-12-25T23:46:48.795378,ETHUSDT,2892.95,2.95,2892.96,36.79
2025-12-25T23:46:48.826624,ETHUSDT,2892.92,0.02,2892.95,8.00
2025-12-25T23:46:48.835636,ETHUSDT,2892.78,0.14,2892.79,81.15
2025-12-25T23:46:48.844507,ETHUSDT,2892.74,0.01,2892.75,73.34
2025-12-25T23:46:48.858346,ETHUSDT,2892.74,0.01,2892.75,73.38
2025-12-25T23:46:48.875817,ETHUSDT,2892.74,0.02,2892.75,73.38
2025-12-25T23:46:48.895074,ETHUSDT,2892.74,5.40,2892.75,52.41
2025-12-25T23:46:48.904499,ETHUSDT,2892.74,1.45,2892.75,52.41
2025-12-25T23:46:48.914945,ETHUSDT,2892.74,1.07,2892.75,52.41
2025-12-25T23:46:48.925515,ETHUSDT,2892.74,1.07,2892.75,52.51
2025-12-25T23:46:48.955162,ETHUSDT,2892.74,1.97,2892.75,52.51
2025-12-25T23:46:48.964667,ETHUSDT,2892.74,2.03,2892.75,52.51
2025-12-25T23:46:48.975141,ETHUSDT,2892.74,3.06,2892.75,52.51
2025-12-25T23:46:48.985577,ETHUSDT,2892.60,0.01,2892.61,4.62
2025-12-25T23:46:48.995442,ETHUSDT,2892.60,0.02,2892.61,98.62
2025-12-25T23:46:49.004770,ETHUSDT,2892.60,0.02,2892.61,101.62
2025-12-25T23:46:49.014940,ETHUSDT,2892.60,0.02,2892.61,101.63
2025-12-25T23:46:49.055930,ETHUSDT,2892.60,0.01,2892.61,101.63
2025-12-25T23:46:49.064927,ETHUSDT,2892.60,1.04,2892.61,101.63
2025-12-25T23:46:49.075297,ETHUSDT,2892.60,1.07,2892.61,101.97
2025-12-25T23:46:49.104803,ETHUSDT,2892.57,3.92,2892.58,95.16
2025-12-25T23:46:49.118895,ETHUSDT,2892.57,3.92,2892.58,101.78
2025-12-25T23:46:49.124141,ETHUSDT,2892.57,3.92,2892.58,97.16
2025-12-25T23:46:49.145164,ETHUSDT,2892.44,0.10,2892.45,5.46
2025-12-25T23:46:49.155416,ETHUSDT,2892.44,0.11,2892.45,100.75
2025-12-25T23:46:49.172151,ETHUSDT,2892.44,0.11,2892.45,104.96
2025-12-25T23:46:49.175702,ETHUSDT,2892.44,0.11,2892.45,105.06
2025-12-25T23:46:49.185744,ETHUSDT,2892.44,0.11,2892.45,95.99
2025-12-25T23:46:49.199782,ETHUSDT,2892.38,0.02,2892.39,95.37
2025-12-25T23:46:49.204751,ETHUSDT,2892.38,0.03,2892.39,101.74
2025-12-25T23:46:49.222321,ETHUSDT,2892.38,0.03,2892.39,101.93
2025-12-25T23:46:49.226057,ETHUSDT,2892.38,0.03,2892.39,101.85
2025-12-25T23:46:49.236162,ETHUSDT,2892.38,0.03,2892.39,97.65
2025-12-25T23:46:49.245285,ETHUSDT,2892.38,0.03,2892.39,97.55
2025-12-25T23:46:49.275815,ETHUSDT,2892.38,1.40,2892.39,97.55
2025-12-25T23:46:49.335104,ETHUSDT,2892.38,1.40,2892.39,97.89
2025-12-25T23:46:49.344716,ETHUSDT,2892.38,1.40,2892.39,88.82
2025-12-25T23:46:49.374749,ETHUSDT,2892.38,1.40,2892.39,87.93
2025-12-25T23:46:49.417351,ETHUSDT,2892.38,1.40,2892.39,80.59
2025-12-25T23:46:49.455308,ETHUSDT,2892.38,1.40,2892.39,84.89
2025-12-25T23:46:49.475356,ETHUSDT,2892.38,1.06,2892.39,84.89
2025-12-25T23:46:49.485215,ETHUSDT,2892.38,1.02,2892.39,85.83
2025-12-25T23:46:49.494831,ETHUSDT,2892.30,0.01,2892.31,0.81
2025-12-25T23:46:49.504776,ETHUSDT,2892.20,0.18,2892.21,14.10
2025-12-25T23:46:49.517271,ETHUSDT,2892.20,0.20,2892.21,82.46
2025-12-25T23:46:49.524995,ETHUSDT,2892.07,0.05,2892.08,37.79
2025-12-25T23:46:49.535018,ETHUSDT,2892.07,0.06,2892.08,52.51
2025-12-25T23:46:49.555285,ETHUSDT,2892.07,0.06,2892.08,39.54
2025-12-25T23:46:49.564758,ETHUSDT,2892.07,0.06,2892.08,39.57
2025-12-25T23:46:49.585206,ETHUSDT,2892.07,0.06,2892.08,40.41
2025-12-25T23:46:49.604637,ETHUSDT,2892.07,0.09,2892.08,41.66
2025-12-25T23:46:49.620526,ETHUSDT,2892.07,0.09,2892.08,37.36
2025-12-25T23:46:49.665141,ETHUSDT,2892.07,0.09,2892.08,36.84
2025-12-25T23:46:49.677012,ETHUSDT,2892.00,0.51,2892.01,4.63
2025-12-25T23:46:49.684978,ETHUSDT,2892.00,0.52,2892.01,95.10
2025-12-25T23:46:49.694907,ETHUSDT,2892.00,0.52,2892.01,95.12
2025-12-25T23:46:49.720226,ETHUSDT,2892.00,0.52,2892.01,99.02
2025-12-25T23:46:49.745061,ETHUSDT,2891.79,0.02,2891.80,1.09
2025-12-25T23:46:49.755180,ETHUSDT,2891.77,0.36,2891.78,54.07
2025-12-25T23:46:49.764690,ETHUSDT,2891.77,0.01,2891.78,54.17
2025-12-25T23:46:49.779309,ETHUSDT,2891.67,0.02,2891.78,55.03
2025-12-25T23:46:49.788377,ETHUSDT,2891.66,0.32,2891.67,30.02
2025-12-25T23:46:49.794947,ETHUSDT,2891.66,3.42,2891.67,29.12
2025-12-25T23:46:49.804895,ETHUSDT,2891.66,5.80,2891.67,27.86
2025-12-25T23:46:49.815037,ETHUSDT,2891.66,20.22,2891.67,20.12
2025-12-25T23:46:49.824663,ETHUSDT,2891.66,20.22,2891.67,20.36
2025-12-25T23:46:49.834779,ETHUSDT,2891.66,25.40,2891.67,20.36
2025-12-25T23:46:49.844794,ETHUSDT,2891.66,25.40,2891.67,12.64
2025-12-25T23:46:49.865183,ETHUSDT,2891.66,27.16,2891.67,12.64
2025-12-25T23:46:49.875069,ETHUSDT,2891.66,27.16,2891.67,9.96
2025-12-25T23:46:49.885367,ETHUSDT,2891.66,28.27,2891.67,0.83
2025-12-25T23:46:49.898166,ETHUSDT,2891.66,34.64,2891.67,0.49
2025-12-25T23:46:49.905411,ETHUSDT,2891.66,34.64,2891.67,0.83
2025-12-25T23:46:49.914798,ETHUSDT,2891.66,34.67,2891.67,0.83
2025-12-25T23:46:49.945210,ETHUSDT,2891.66,32.95,2891.67,0.83
2025-12-25T23:46:49.955143,ETHUSDT,2891.66,27.58,2891.67,0.83
2025-12-25T23:46:49.964482,ETHUSDT,2891.69,44.58,2891.70,0.02
2025-12-25T23:46:49.975248,ETHUSDT,2891.87,155.93,2891.88,0.02
2025-12-25T23:46:49.985046,ETHUSDT,2892.12,2.77,2892.13,0.01
2025-12-25T23:46:49.995663,ETHUSDT,2892.19,10.04,2892.20,0.12
2025-12-25T23:46:50.005054,ETHUSDT,2892.19,49.52,2892.20,1.03
2025-12-25T23:46:50.023138,ETHUSDT,2892.19,52.86,2892.20,19.56
2025-12-25T23:46:50.024743,ETHUSDT,2892.19,52.86,2892.20,13.01
2025-12-25T23:46:50.035274,ETHUSDT,2892.19,53.22,2892.20,12.66
2025-12-25T23:46:50.044784,ETHUSDT,2892.19,53.22,2892.20,19.51
2025-12-25T23:46:50.054880,ETHUSDT,2892.19,50.23,2892.20,20.13
2025-12-25T23:46:50.075611,ETHUSDT,2892.19,50.23,2892.20,20.48
2025-12-25T23:46:50.096284,ETHUSDT,2892.19,50.23,2892.20,19.95
2025-12-25T23:46:50.115310,ETHUSDT,2892.19,50.23,2892.20,15.03
2025-12-25T23:46:50.124833,ETHUSDT,2892.19,50.23,2892.20,1.88
2025-12-25T23:46:50.165092,ETHUSDT,2892.19,50.23,2892.20,1.26
2025-12-25T23:46:50.175136,ETHUSDT,2892.19,50.23,2892.20,7.75
2025-12-25T23:46:50.192241,ETHUSDT,2892.19,47.33,2892.20,14.94
2025-12-25T23:46:50.194174,ETHUSDT,2892.19,47.71,2892.20,23.90
2025-12-25T23:46:50.219235,ETHUSDT,2892.19,46.37,2892.20,19.95
2025-12-25T23:46:50.224666,ETHUSDT,2892.19,38.33,2892.20,19.95
2025-12-25T23:46:50.235871,ETHUSDT,2892.19,24.91,2892.20,20.17
2025-12-25T23:46:50.245255,ETHUSDT,2892.19,16.49,2892.20,20.17
2025-12-25T23:46:50.254989,ETHUSDT,2892.19,10.32,2892.20,20.17
2025-12-25T23:46:50.266411,ETHUSDT,2892.19,10.32,2892.20,20.19
2025-12-25T23:46:50.285099,ETHUSDT,2892.19,10.32,2892.20,20.17
2025-12-25T23:46:50.324987,ETHUSDT,2892.19,10.32,2892.20,20.46
2025-12-25T23:46:50.335867,ETHUSDT,2892.19,4.32,2892.20,23.27
2025-12-25T23:46:50.344542,ETHUSDT,2892.19,3.98,2892.20,23.27
2025-12-25T23:46:50.354748,ETHUSDT,2892.19,8.17,2892.20,23.27
2025-12-25T23:46:50.425526,ETHUSDT,2892.19,8.17,2892.20,26.77
2025-12-25T23:46:50.465679,ETHUSDT,2892.19,8.12,2892.20,26.77
2025-12-25T23:46:50.617975,ETHUSDT,2892.19,8.09,2892.20,27.69
2025-12-25T23:46:50.775664,ETHUSDT,2892.12,0.01,2892.19,4.77
2025-12-25T23:46:50.784816,ETHUSDT,2892.00,0.02,2892.01,5.52
2025-12-25T23:46:50.794115,ETHUSDT,2891.97,1.18,2891.98,79.96
2025-12-25T23:46:50.804644,ETHUSDT,2891.97,1.18,2891.98,77.70
2025-12-25T23:46:50.814913,ETHUSDT,2891.91,0.18,2891.92,62.89
2025-12-25T23:46:50.824999,ETHUSDT,2891.87,5.19,2891.88,70.74
2025-12-25T23:46:50.835261,ETHUSDT,2891.87,5.19,2891.88,75.70
2025-12-25T23:46:50.856601,ETHUSDT,2891.87,0.01,2891.88,75.70
2025-12-25T23:46:50.865691,ETHUSDT,2891.87,0.01,2891.88,75.86
2025-12-25T23:46:50.875447,ETHUSDT,2891.87,0.01,2891.88,79.36
2025-12-25T23:46:50.884746,ETHUSDT,2891.87,0.02,2891.88,80.68
2025-12-25T23:46:50.895162,ETHUSDT,2891.70,0.03,2891.71,80.07
2025-12-25T23:46:50.905692,ETHUSDT,2891.70,0.02,2891.71,87.09
2025-12-25T23:46:50.922803,ETHUSDT,2891.70,0.02,2891.71,87.27
2025-12-25T23:46:50.934465,ETHUSDT,2891.70,0.02,2891.71,87.11
2025-12-25T23:46:50.944768,ETHUSDT,2891.62,0.02,2891.71,87.11
2025-12-25T23:46:50.955086,ETHUSDT,2891.57,0.40,2891.58,6.59
2025-12-25T23:46:50.964762,ETHUSDT,2891.57,0.41,2891.58,19.82
2025-12-25T23:46:51.008803,ETHUSDT,2891.57,0.47,2891.58,19.82
2025-12-25T23:46:51.045034,ETHUSDT,2891.57,0.20,2891.58,19.82
2025-12-25T23:46:51.085295,ETHUSDT,2891.57,0.20,2891.58,20.15
2025-12-25T23:46:51.125517,ETHUSDT,2891.57,0.19,2891.58,21.29
2025-12-25T23:46:51.135564,ETHUSDT,2891.57,0.28,2891.58,21.29
2025-12-25T23:46:51.155469,ETHUSDT,2891.57,2.02,2891.58,21.29
2025-12-25T23:46:51.164083,ETHUSDT,2891.57,6.87,2891.58,21.29
2025-12-25T23:46:51.174951,ETHUSDT,2891.57,6.87,2891.58,19.59
2025-12-25T23:46:51.184678,ETHUSDT,2891.57,2.02,2891.58,19.59
2025-12-25T23:46:51.216706,ETHUSDT,2891.57,0.36,2891.58,19.59
2025-12-25T23:46:51.224641,ETHUSDT,2891.57,2.52,2891.58,19.59
2025-12-25T23:46:51.235566,ETHUSDT,2891.57,0.36,2891.58,19.59
2025-12-25T23:46:51.315807,ETHUSDT,2891.57,0.70,2891.58,19.59
2025-12-25T23:46:51.334730,ETHUSDT,2891.57,0.65,2891.58,19.59
2025-12-25T23:46:51.345092,ETHUSDT,2891.57,0.58,2891.58,19.59
2025-12-25T23:46:51.354907,ETHUSDT,2891.57,0.57,2891.58,19.59
2025-12-25T23:46:51.384817,ETHUSDT,2891.57,0.59,2891.58,19.59
2025-12-25T23:46:51.521759,ETHUSDT,2891.57,0.59,2891.58,18.90
2025-12-25T23:46:51.535547,ETHUSDT,2891.57,0.59,2891.58,19.04
2025-12-25T23:46:51.565081,ETHUSDT,2891.57,0.59,2891.58,19.02
2025-12-25T23:46:51.574896,ETHUSDT,2891.57,0.51,2891.58,19.02
2025-12-25T23:46:51.662323,ETHUSDT,2891.57,0.51,2891.58,12.13
2025-12-25T23:46:51.664076,ETHUSDT,2891.57,0.51,2891.58,28.11
2025-12-25T23:46:51.746011,ETHUSDT,2891.57,6.29,2891.58,24.90
2025-12-25T23:46:51.754896,ETHUSDT,2891.57,17.57,2891.58,11.61
2025-12-25T23:46:51.777765,ETHUSDT,2891.57,25.30,2891.58,6.58
2025-12-25T23:46:51.804721,ETHUSDT,2891.57,25.30,2891.58,1.25
2025-12-25T23:46:51.866288,ETHUSDT,2891.57,25.30,2891.58,0.69
2025-12-25T23:46:51.884589,ETHUSDT,2891.57,26.38,2891.58,5.94
2025-12-25T23:46:51.905038,ETHUSDT,2891.57,26.38,2891.58,6.29
2025-12-25T23:46:51.915001,ETHUSDT,2891.57,26.76,2891.58,5.94
2025-12-25T23:46:51.929809,ETHUSDT,2891.57,26.76,2891.58,3.19
2025-12-25T23:46:51.935218,ETHUSDT,2891.57,27.37,2891.58,3.19
2025-12-25T23:46:51.954909,ETHUSDT,2891.57,27.93,2891.58,3.19
2025-12-25T23:46:51.964875,ETHUSDT,2891.62,58.61,2891.63,9.81
2025-12-25T23:46:51.975470,ETHUSDT,2891.62,66.33,2891.63,9.81
2025-12-25T23:46:51.984946,ETHUSDT,2891.62,69.94,2891.63,8.47
2025-12-25T23:46:52.025522,ETHUSDT,2891.62,69.64,2891.63,8.82
2025-12-25T23:46:52.045194,ETHUSDT,2891.62,70.20,2891.63,8.82
2025-12-25T23:46:52.065023,ETHUSDT,2891.62,70.20,2891.63,9.16
2025-12-25T23:46:52.074762,ETHUSDT,2891.62,70.20,2891.63,9.45
2025-12-25T23:46:52.105646,ETHUSDT,2891.62,70.25,2891.63,9.45
2025-12-25T23:46:52.205299,ETHUSDT,2891.62,70.32,2891.63,9.45
2025-12-25T23:46:52.216446,ETHUSDT,2891.62,70.35,2891.63,9.45
2025-12-25T23:46:52.245399,ETHUSDT,2891.62,70.38,2891.63,9.07
2025-12-25T23:46:52.255220,ETHUSDT,2891.67,37.32,2891.68,0.79
2025-12-25T23:46:52.264876,ETHUSDT,2891.88,28.62,2891.89,0.21
2025-12-25T23:46:52.275900,ETHUSDT,2891.99,22.11,2892.00,16.21
2025-12-25T23:46:52.285082,ETHUSDT,2891.99,22.60,2892.00,20.19
2025-12-25T23:46:52.295107,ETHUSDT,2891.99,23.21,2892.00,19.37
2025-12-25T23:46:52.304744,ETHUSDT,2891.99,23.23,2892.00,19.37
2025-12-25T23:46:52.365898,ETHUSDT,2891.99,23.23,2892.00,19.72
2025-12-25T23:46:52.374952,ETHUSDT,2891.99,30.03,2892.00,1.29
2025-12-25T23:46:52.384648,ETHUSDT,2892.00,97.30,2892.01,6.49
2025-12-25T23:46:52.395074,ETHUSDT,2892.00,114.37,2892.01,6.37
2025-12-25T23:46:52.404595,ETHUSDT,2892.00,106.50,2892.01,6.37
2025-12-25T23:46:52.418958,ETHUSDT,2892.00,106.39,2892.01,6.37
2025-12-25T23:46:52.435259,ETHUSDT,2892.00,102.18,2892.01,12.86
2025-12-25T23:46:52.444478,ETHUSDT,2892.00,108.22,2892.01,17.55
2025-12-25T23:46:52.454964,ETHUSDT,2892.00,106.21,2892.01,18.63
2025-12-25T23:46:52.464898,ETHUSDT,2892.00,99.56,2892.01,19.34
2025-12-25T23:46:52.474905,ETHUSDT,2892.00,93.93,2892.01,19.63
2025-12-25T23:46:52.484642,ETHUSDT,2892.00,93.93,2892.01,19.98
2025-12-25T23:46:52.495176,ETHUSDT,2892.00,72.71,2892.01,19.98
2025-12-25T23:46:52.504654,ETHUSDT,2892.00,37.97,2892.01,19.98
2025-12-25T23:46:52.517694,ETHUSDT,2892.00,12.71,2892.01,20.58
2025-12-25T23:46:52.524520,ETHUSDT,2892.00,12.61,2892.01,20.58
2025-12-25T23:46:52.535404,ETHUSDT,2892.10,0.12,2892.17,0.34
2025-12-25T23:46:52.544532,ETHUSDT,2892.23,5.70,2892.24,0.02
2025-12-25T23:46:52.555174,ETHUSDT,2892.41,1.08,2892.45,0.01
2025-12-25T23:46:52.564849,ETHUSDT,2892.44,25.50,2892.45,37.17
2025-12-25T23:46:52.575167,ETHUSDT,2892.44,17.91,2892.45,37.18
2025-12-25T23:46:52.584693,ETHUSDT,2892.44,9.97,2892.45,37.19
2025-12-25T23:46:52.597757,ETHUSDT,2892.44,14.82,2892.45,28.19
2025-12-25T23:46:52.604843,ETHUSDT,2892.44,9.97,2892.45,28.19
2025-12-25T23:46:52.622965,ETHUSDT,2892.44,0.65,2892.45,28.19
2025-12-25T23:46:52.646558,ETHUSDT,2892.44,0.65,2892.45,29.36
2025-12-25T23:46:52.665307,ETHUSDT,2892.44,0.65,2892.45,29.73
2025-12-25T23:46:52.675006,ETHUSDT,2892.44,0.75,2892.45,29.73
2025-12-25T23:46:52.684575,ETHUSDT,2892.44,0.75,2892.45,30.02
2025-12-25T23:46:52.786008,ETHUSDT,2892.44,0.75,2892.45,31.72
2025-12-25T23:46:52.795939,ETHUSDT,2892.44,0.75,2892.45,33.44
2025-12-25T23:46:53.266131,ETHUSDT,2892.44,7.24,2892.45,33.44
2025-12-25T23:46:53.285065,ETHUSDT,2892.44,7.24,2892.45,42.42
2025-12-25T23:46:53.425693,ETHUSDT,2892.44,7.24,2892.45,42.34
2025-12-25T23:46:53.495633,ETHUSDT,2892.44,12.09,2892.45,42.34
2025-12-25T23:46:53.535364,ETHUSDT,2892.44,7.24,2892.45,42.34
2025-12-25T23:46:53.645248,ETHUSDT,2892.44,16.51,2892.45,33.34
2025-12-25T23:46:53.665085,ETHUSDT,2892.44,16.51,2892.45,32.17
2025-12-25T23:46:53.675953,ETHUSDT,2892.44,16.51,2892.45,30.79
2025-12-25T23:46:53.745778,ETHUSDT,2892.44,20.85,2892.45,30.79
2025-12-25T23:46:53.765191,ETHUSDT,2892.44,20.85,2892.45,22.21
2025-12-25T23:46:53.775481,ETHUSDT,2892.44,21.75,2892.45,17.19
2025-12-25T23:46:53.855660,ETHUSDT,2892.44,26.96,2892.45,17.19
2025-12-25T23:46:53.896047,ETHUSDT,2892.44,23.35,2892.45,18.34
2025-12-25T23:46:53.904863,ETHUSDT,2892.44,17.54,2892.45,20.50
2025-12-25T23:46:53.965000,ETHUSDT,2892.44,17.54,2892.45,20.24
2025-12-25T23:46:54.005510,ETHUSDT,2892.44,22.74,2892.45,20.24
2025-12-25T23:46:54.016615,ETHUSDT,2892.44,22.74,2892.45,19.09
2025-12-25T23:46:54.055907,ETHUSDT,2892.44,17.54,2892.45,19.09
2025-12-25T23:46:54.065037,ETHUSDT,2892.44,18.42,2892.45,19.09
2025-12-25T23:46:54.074866,ETHUSDT,2892.44,25.51,2892.45,3.74
2025-12-25T23:46:54.084888,ETHUSDT,2892.44,37.26,2892.45,3.74
2025-12-25T23:46:54.105364,ETHUSDT,2892.44,37.26,2892.45,16.92
2025-12-25T23:46:54.117651,ETHUSDT,2892.44,36.97,2892.45,16.92
2025-12-25T23:46:54.134250,ETHUSDT,2892.44,31.79,2892.45,16.92
2025-12-25T23:46:54.155618,ETHUSDT,2892.44,27.89,2892.45,18.73
2025-12-25T23:46:54.175338,ETHUSDT,2892.44,27.92,2892.45,18.73
2025-12-25T23:46:54.185457,ETHUSDT,2892.44,27.95,2892.45,17.29
2025-12-25T23:46:54.194849,ETHUSDT,2892.44,33.36,2892.45,4.11
2025-12-25T23:46:54.204734,ETHUSDT,2892.44,33.37,2892.45,3.05
2025-12-25T23:46:54.218248,ETHUSDT,2892.44,35.43,2892.45,1.89
2025-12-25T23:46:54.224719,ETHUSDT,2892.55,10.54,2892.56,0.01
2025-12-25T23:46:54.235523,ETHUSDT,2892.55,15.33,2892.56,28.29
2025-12-25T23:46:54.244921,ETHUSDT,2892.55,11.43,2892.56,23.57
2025-12-25T23:46:54.255348,ETHUSDT,2892.55,11.43,2892.56,23.91
2025-12-25T23:46:54.284640,ETHUSDT,2892.55,15.70,2892.56,23.91
2025-12-25T23:46:54.294832,ETHUSDT,2892.55,18.88,2892.56,17.37
2025-12-25T23:46:54.305092,ETHUSDT,2892.55,22.18,2892.56,9.15
2025-12-25T23:46:54.324984,ETHUSDT,2892.55,22.18,2892.56,9.47
2025-12-25T23:46:54.355396,ETHUSDT,2892.55,22.18,2892.56,9.76
2025-12-25T23:46:54.374915,ETHUSDT,2892.55,22.30,2892.56,9.76
2025-12-25T23:46:54.394828,ETHUSDT,2892.55,22.31,2892.56,9.76
2025-12-25T23:46:54.455814,ETHUSDT,2892.55,22.31,2892.56,18.45
2025-12-25T23:46:54.484707,ETHUSDT,2892.55,22.31,2892.56,11.60
2025-12-25T23:46:54.505482,ETHUSDT,2892.55,21.57,2892.56,14.17
2025-12-25T23:46:54.544732,ETHUSDT,2892.55,21.57,2892.56,18.48
2025-12-25T23:46:54.575160,ETHUSDT,2892.55,18.82,2892.56,18.48
2025-12-25T23:46:54.585489,ETHUSDT,2892.55,18.81,2892.56,18.48
2025-12-25T23:46:54.666050,ETHUSDT,2892.55,17.12,2892.56,18.48
2025-12-25T23:46:54.725376,ETHUSDT,2892.55,17.10,2892.56,18.48
2025-12-25T23:46:54.735550,ETHUSDT,2892.55,12.66,2892.56,18.48
2025-12-25T23:46:54.875631,ETHUSDT,2892.55,33.64,2892.56,14.17
2025-12-25T23:46:54.899625,ETHUSDT,2892.55,33.63,2892.56,14.17
2025-12-25T23:46:54.905325,ETHUSDT,2892.55,38.89,2892.56,14.17
2025-12-25T23:46:54.915090,ETHUSDT,2892.55,38.89,2892.56,9.49
2025-12-25T23:46:54.925152,ETHUSDT,2892.55,38.89,2892.56,7.66
2025-12-25T23:46:54.935001,ETHUSDT,2892.55,38.90,2892.56,7.66
2025-12-25T23:46:54.954947,ETHUSDT,2892.55,38.64,2892.56,7.66
2025-12-25T23:46:54.986169,ETHUSDT,2892.55,33.38,2892.56,7.66
2025-12-25T23:46:54.995360,ETHUSDT,2892.55,38.57,2892.56,7.66
2025-12-25T23:46:55.004614,ETHUSDT,2892.55,33.38,2892.56,7.66
2025-12-25T23:46:55.025069,ETHUSDT,2892.55,33.38,2892.56,12.34
2025-12-25T23:46:55.035429,ETHUSDT,2892.55,33.38,2892.56,18.64
2025-12-25T23:46:55.065694,ETHUSDT,2892.55,33.38,2892.56,12.34
2025-12-25T23:46:55.135563,ETHUSDT,2892.55,33.38,2892.56,12.02
2025-12-25T23:46:55.144685,ETHUSDT,2892.55,38.59,2892.56,12.02
2025-12-25T23:46:55.175163,ETHUSDT,2892.55,38.59,2892.56,5.33
2025-12-25T23:46:55.184723,ETHUSDT,2892.55,38.59,2892.56,0.31
2025-12-25T23:46:55.194810,ETHUSDT,2892.55,33.38,2892.56,0.31
2025-12-25T23:46:55.206840,ETHUSDT,2892.55,33.76,2892.56,0.31
2025-12-25T23:46:55.214759,ETHUSDT,2892.55,34.32,2892.56,6.80
2025-12-25T23:46:55.228558,ETHUSDT,2892.55,34.32,2892.56,5.99
2025-12-25T23:46:55.234883,ETHUSDT,2892.55,34.32,2892.56,6.35
2025-12-25T23:46:55.309932,ETHUSDT,2892.55,34.77,2892.56,0.66
2025-12-25T23:46:55.334831,ETHUSDT,2892.55,34.81,2892.56,0.66
2025-12-25T23:46:55.374811,ETHUSDT,2892.55,36.47,2892.56,0.66
2025-12-25T23:46:55.384743,ETHUSDT,2892.60,19.77,2892.61,1.57
2025-12-25T23:46:55.395147,ETHUSDT,2892.60,150.46,2892.61,1.46
2025-12-25T23:46:55.405001,ETHUSDT,2892.77,14.92,2892.78,0.38
2025-12-25T23:46:55.415044,ETHUSDT,2892.86,1.28,2892.87,0.02
2025-12-25T23:46:55.424521,ETHUSDT,2892.93,18.93,2892.94,42.02
2025-12-25T23:46:55.435126,ETHUSDT,2892.93,21.91,2892.94,42.02
2025-12-25T23:46:55.445377,ETHUSDT,2892.93,18.55,2892.94,42.02
2025-12-25T23:46:55.465398,ETHUSDT,2892.93,18.56,2892.94,37.60
2025-12-25T23:46:55.474716,ETHUSDT,2892.93,20.15,2892.94,30.75
2025-12-25T23:46:55.484544,ETHUSDT,2892.93,20.15,2892.94,5.63
2025-12-25T23:46:55.494858,ETHUSDT,2892.93,26.73,2892.94,0.38
2025-12-25T23:46:55.504609,ETHUSDT,2893.10,0.95,2893.13,7.22
2025-12-25T23:46:55.522312,ETHUSDT,2893.12,91.76,2893.13,7.23
2025-12-25T23:46:55.535912,ETHUSDT,2893.12,94.64,2893.13,7.23
2025-12-25T23:46:55.546452,ETHUSDT,2893.12,88.58,2893.13,7.23
2025-12-25T23:46:55.554853,ETHUSDT,2893.12,92.04,2893.13,7.23
2025-12-25T23:46:55.575339,ETHUSDT,2893.12,86.33,2893.13,7.23
2025-12-25T23:46:55.616607,ETHUSDT,2893.12,86.33,2893.13,7.87
2025-12-25T23:46:55.644673,ETHUSDT,2893.12,86.46,2893.13,7.87
2025-12-25T23:46:55.665253,ETHUSDT,2893.12,92.68,2893.13,7.87
2025-12-25T23:46:55.675048,ETHUSDT,2893.12,92.30,2893.13,7.90
2025-12-25T23:46:55.684741,ETHUSDT,2893.12,92.30,2893.13,6.18
2025-12-25T23:46:55.718796,ETHUSDT,2893.12,92.86,2893.13,6.18
2025-12-25T23:46:55.945706,ETHUSDT,2893.13,2.24,2893.23,0.08
2025-12-25T23:46:55.955527,ETHUSDT,2893.38,8.19,2893.39,2.34
2025-12-25T23:46:55.964990,ETHUSDT,2893.38,132.11,2893.39,1.62
2025-12-25T23:46:55.975390,ETHUSDT,2893.38,132.07,2893.39,1.62
2025-12-25T23:46:55.985158,ETHUSDT,2893.49,26.03,2893.50,6.52
2025-12-25T23:46:55.994856,ETHUSDT,2893.49,80.30,2893.50,0.02
2025-12-25T23:46:56.015234,ETHUSDT,2893.49,80.32,2893.50,0.02
2025-12-25T23:46:56.025966,ETHUSDT,2893.49,80.42,2893.50,0.02
2025-12-25T23:46:56.034774,ETHUSDT,2893.49,83.87,2893.50,0.02
2025-12-25T23:46:56.065148,ETHUSDT,2893.49,71.82,2893.50,0.04
2025-12-25T23:46:56.075030,ETHUSDT,2893.49,77.20,2893.50,0.04
2025-12-25T23:46:56.084892,ETHUSDT,2893.61,1.56,2893.62,0.01
2025-12-25T23:46:56.095934,ETHUSDT,2893.62,12.87,2893.68,0.04
2025-12-25T23:46:56.105166,ETHUSDT,2893.67,66.22,2893.68,22.42
2025-12-25T23:46:56.115287,ETHUSDT,2893.69,7.47,2893.70,0.49
2025-12-25T23:46:56.128794,ETHUSDT,2893.70,13.12,2893.71,3.46
2025-12-25T23:46:56.135057,ETHUSDT,2893.73,101.30,2893.74,0.05
2025-12-25T23:46:56.145068,ETHUSDT,2893.74,93.89,2893.75,2.18
2025-12-25T23:46:56.156095,ETHUSDT,2893.89,3.17,2894.60,0.13
2025-12-25T23:46:56.199155,ETHUSDT,2894.64,5.26,2894.79,0.33
2025-12-25T23:46:56.199722,ETHUSDT,2894.96,3.62,2894.97,0.07
2025-12-25T23:46:56.214719,ETHUSDT,2894.96,19.85,2894.97,4.73
2025-12-25T23:46:56.223453,ETHUSDT,2894.97,4.52,2894.98,0.40
2025-12-25T23:46:56.223905,ETHUSDT,2894.98,3.92,2894.99,0.56
2025-12-25T23:46:56.234954,ETHUSDT,2894.99,4.43,2895.02,0.05
2025-12-25T23:46:56.235931,ETHUSDT,2895.10,0.93,2895.11,0.10
2025-12-25T23:46:56.238334,ETHUSDT,2895.11,39.11,2895.12,0.01
2025-12-25T23:46:56.245747,ETHUSDT,2895.17,18.41,2895.18,0.01
2025-12-25T23:46:56.257894,ETHUSDT,2895.19,31.03,2895.20,0.37
2025-12-25T23:46:56.265246,ETHUSDT,2895.19,42.78,2895.20,0.37
2025-12-25T23:46:56.279323,ETHUSDT,2895.24,57.92,2895.25,0.28
2025-12-25T23:46:56.285241,ETHUSDT,2895.24,97.46,2895.25,0.29
2025-12-25T23:46:56.295176,ETHUSDT,2895.29,35.09,2895.30,0.54
2025-12-25T23:46:56.305211,ETHUSDT,2895.31,22.78,2895.32,0.28
2025-12-25T23:46:56.315168,ETHUSDT,2895.31,87.47,2895.32,0.28
2025-12-25T23:46:56.324745,ETHUSDT,2895.31,89.70,2895.32,0.28
2025-12-25T23:46:56.335068,ETHUSDT,2895.31,80.58,2895.32,0.18
2025-12-25T23:46:56.344817,ETHUSDT,2895.31,78.90,2895.32,3.55
2025-12-25T23:46:56.355034,ETHUSDT,2895.31,79.76,2895.32,3.33
2025-12-25T23:46:56.364781,ETHUSDT,2895.31,70.64,2895.32,7.78
2025-12-25T23:46:56.375472,ETHUSDT,2895.31,75.20,2895.32,3.04
2025-12-25T23:46:56.395038,ETHUSDT,2895.31,70.64,2895.32,3.04
2025-12-25T23:46:56.405171,ETHUSDT,2895.31,70.69,2895.32,3.04
2025-12-25T23:46:56.419924,ETHUSDT,2895.31,68.07,2895.32,3.04
2025-12-25T23:46:56.425061,ETHUSDT,2895.31,77.19,2895.32,3.38
2025-12-25T23:46:56.435535,ETHUSDT,2895.31,72.53,2895.32,3.46
2025-12-25T23:46:56.455376,ETHUSDT,2895.31,72.53,2895.32,3.43
2025-12-25T23:46:56.475117,ETHUSDT,2895.31,72.53,2895.32,3.30
2025-12-25T23:46:56.495171,ETHUSDT,2895.31,75.98,2895.32,3.30
2025-12-25T23:46:56.505082,ETHUSDT,2895.31,76.01,2895.32,3.51
2025-12-25T23:46:56.518170,ETHUSDT,2895.31,69.81,2895.32,10.00
2025-12-25T23:46:56.524760,ETHUSDT,2895.31,68.95,2895.32,3.51
2025-12-25T23:46:56.537884,ETHUSDT,2895.31,68.99,2895.32,3.51
2025-12-25T23:46:56.555033,ETHUSDT,2895.31,69.85,2895.32,1.56
2025-12-25T23:46:56.564925,ETHUSDT,2895.39,15.99,2895.43,0.43
2025-12-25T23:46:56.575196,ETHUSDT,2895.42,109.97,2895.43,0.44
2025-12-25T23:46:56.584769,ETHUSDT,2895.42,115.19,2895.43,0.61
2025-12-25T23:46:56.595072,ETHUSDT,2895.42,114.10,2895.43,0.62
2025-12-25T23:46:56.605144,ETHUSDT,2895.42,114.15,2895.43,0.62
2025-12-25T23:46:56.614228,ETHUSDT,2895.42,113.29,2895.43,5.30
2025-12-25T23:46:56.624448,ETHUSDT,2895.42,116.74,2895.43,5.30
2025-12-25T23:46:56.634896,ETHUSDT,2895.42,113.29,2895.43,5.30
2025-12-25T23:46:56.644887,ETHUSDT,2895.42,113.29,2895.43,0.62
2025-12-25T23:46:56.675289,ETHUSDT,2895.42,113.39,2895.43,0.62
2025-12-25T23:46:56.695428,ETHUSDT,2895.42,116.84,2895.43,0.62
2025-12-25T23:46:56.703951,ETHUSDT,2895.42,116.84,2895.43,0.94
2025-12-25T23:46:56.724857,ETHUSDT,2895.42,115.36,2895.43,0.94
2025-12-25T23:46:56.734733,ETHUSDT,2895.42,115.39,2895.43,4.69
2025-12-25T23:46:56.746726,ETHUSDT,2895.42,115.39,2895.43,0.07
2025-12-25T23:46:56.764891,ETHUSDT,2895.43,114.20,2895.44,0.36
2025-12-25T23:46:56.784475,ETHUSDT,2895.43,119.93,2895.44,0.37
2025-12-25T23:46:56.785481,ETHUSDT,2895.43,111.93,2895.44,0.38
2025-12-25T23:46:56.794933,ETHUSDT,2895.43,108.46,2895.44,0.38
2025-12-25T23:46:56.817386,ETHUSDT,2895.43,108.84,2895.44,0.39
2025-12-25T23:46:56.845205,ETHUSDT,2895.43,108.97,2895.44,1.36
2025-12-25T23:46:56.855246,ETHUSDT,2895.43,109.56,2895.44,1.36
2025-12-25T23:46:56.864601,ETHUSDT,2895.43,109.56,2895.44,5.07
2025-12-25T23:46:56.885629,ETHUSDT,2895.43,101.92,2895.44,6.22
2025-12-25T23:46:56.894721,ETHUSDT,2895.43,86.91,2895.44,19.56
2025-12-25T23:46:56.905685,ETHUSDT,2895.43,86.91,2895.44,1.33
2025-12-25T23:46:56.916704,ETHUSDT,2895.45,35.87,2895.46,0.02
2025-12-25T23:46:56.924617,ETHUSDT,2895.45,135.82,2895.46,0.03
2025-12-25T23:46:56.936543,ETHUSDT,2895.45,139.30,2895.46,0.03
2025-12-25T23:46:56.947324,ETHUSDT,2895.45,139.14,2895.46,0.03
2025-12-25T23:46:56.954839,ETHUSDT,2895.45,139.19,2895.46,0.03
2025-12-25T23:46:56.965897,ETHUSDT,2895.45,129.08,2895.46,2.69
2025-12-25T23:46:56.975479,ETHUSDT,2895.45,129.08,2895.46,2.70
2025-12-25T23:46:56.984884,ETHUSDT,2895.45,120.88,2895.46,4.86
2025-12-25T23:46:56.994895,ETHUSDT,2895.45,109.19,2895.46,4.86
2025-12-25T23:46:57.005311,ETHUSDT,2895.45,104.02,2895.46,4.86
2025-12-25T23:46:57.035572,ETHUSDT,2895.45,94.96,2895.46,11.35
2025-12-25T23:46:57.058946,ETHUSDT,2895.45,80.74,2895.46,11.35
2025-12-25T23:46:57.067029,ETHUSDT,2895.45,32.01,2895.46,48.89
2025-12-25T23:46:57.077584,ETHUSDT,2895.45,3.53,2895.46,48.89
2025-12-25T23:46:57.099000,ETHUSDT,2895.45,3.53,2895.46,49.20
2025-12-25T23:46:57.127302,ETHUSDT,2895.45,2.77,2895.46,49.20
2025-12-25T23:46:57.137281,ETHUSDT,2895.45,0.89,2895.46,50.11
2025-12-25T23:46:57.146946,ETHUSDT,2895.38,0.02,2895.39,18.19
2025-12-25T23:46:57.156862,ETHUSDT,2895.24,0.01,2895.25,6.15
2025-12-25T23:46:57.168137,ETHUSDT,2895.11,0.01,2895.12,38.73
2025-12-25T23:46:57.178331,ETHUSDT,2895.07,0.16,2895.08,61.61
2025-12-25T23:46:57.187084,ETHUSDT,2895.01,13.86,2895.02,93.74
2025-12-25T23:46:57.197199,ETHUSDT,2895.01,17.08,2895.02,62.04
2025-12-25T23:46:57.206417,ETHUSDT,2895.01,17.98,2895.02,50.38
2025-12-25T23:46:57.220591,ETHUSDT,2895.01,17.98,2895.02,45.72
2025-12-25T23:46:57.227681,ETHUSDT,2895.01,17.98,2895.02,41.39
2025-12-25T23:46:57.237750,ETHUSDT,2895.01,10.84,2895.02,41.39
2025-12-25T23:46:57.246511,ETHUSDT,2895.01,14.93,2895.02,41.39
2025-12-25T23:46:57.257227,ETHUSDT,2895.01,14.81,2895.02,41.39
2025-12-25T23:46:57.266250,ETHUSDT,2895.01,14.39,2895.02,41.39
2025-12-25T23:46:57.276772,ETHUSDT,2895.01,22.57,2895.02,24.57
2025-12-25T23:46:57.296792,ETHUSDT,2895.01,21.97,2895.02,24.57
2025-12-25T23:46:57.307943,ETHUSDT,2895.01,21.97,2895.02,24.87
2025-12-25T23:46:57.337819,ETHUSDT,2895.01,19.80,2895.02,24.87
2025-12-25T23:46:57.355925,ETHUSDT,2895.01,19.80,2895.02,22.87
2025-12-25T23:46:57.364680,ETHUSDT,2895.01,20.40,2895.02,22.87
2025-12-25T23:46:57.374784,ETHUSDT,2895.01,20.52,2895.02,22.87
2025-12-25T23:46:57.414935,ETHUSDT,2895.01,20.52,2895.02,21.71
2025-12-25T23:46:57.424596,ETHUSDT,2895.01,25.37,2895.02,26.56
2025-12-25T23:46:57.485400,ETHUSDT,2895.01,14.00,2895.02,26.56
2025-12-25T23:46:57.494875,ETHUSDT,2895.01,7.63,2895.02,26.56
2025-12-25T23:46:57.545022,ETHUSDT,2895.01,1.14,2895.02,26.56
2025-12-25T23:46:57.555065,ETHUSDT,2895.01,1.14,2895.02,27.85
2025-12-25T23:46:57.565126,ETHUSDT,2894.84,10.00,2894.85,59.78
2025-12-25T23:46:57.575024,ETHUSDT,2894.84,9.96,2894.85,80.81
2025-12-25T23:46:57.605349,ETHUSDT,2894.84,9.96,2894.85,80.83
2025-12-25T23:46:57.646384,ETHUSDT,2894.84,9.96,2894.85,63.56
2025-12-25T23:46:57.654742,ETHUSDT,2894.84,9.96,2894.85,62.67
2025-12-25T23:46:57.675121,ETHUSDT,2894.70,0.03,2894.81,2.04
2025-12-25T23:46:57.685253,ETHUSDT,2894.65,11.68,2894.66,55.93
2025-12-25T23:46:57.695120,ETHUSDT,2894.65,19.14,2894.66,25.49
2025-12-25T23:46:57.704769,ETHUSDT,2894.69,26.28,2894.70,0.01
2025-12-25T23:46:57.720981,ETHUSDT,2894.80,21.96,2894.81,2.14
2025-12-25T23:46:57.724437,ETHUSDT,2894.80,68.65,2894.81,7.34
2025-12-25T23:46:57.735127,ETHUSDT,2894.80,68.01,2894.81,12.60
2025-12-25T23:46:57.744128,ETHUSDT,2894.80,44.26,2894.81,14.74
2025-12-25T23:46:57.755417,ETHUSDT,2894.80,37.57,2894.81,15.14
2025-12-25T23:46:57.767065,ETHUSDT,2894.80,37.57,2894.81,16.61
2025-12-25T23:46:57.784626,ETHUSDT,2894.80,37.57,2894.81,12.93
2025-12-25T23:46:57.794784,ETHUSDT,2894.80,37.57,2894.81,12.02
2025-12-25T23:46:57.820049,ETHUSDT,2894.80,37.57,2894.81,6.77
2025-12-25T23:46:57.895278,ETHUSDT,2894.80,36.09,2894.81,11.19
2025-12-25T23:46:57.904499,ETHUSDT,2894.80,13.85,2894.81,32.29
2025-12-25T23:46:57.915280,ETHUSDT,2894.80,0.92,2894.81,41.28
2025-12-25T23:46:57.924655,ETHUSDT,2894.78,0.01,2894.79,3.92
2025-12-25T23:46:57.934832,ETHUSDT,2894.70,0.02,2894.71,78.16
2025-12-25T23:46:57.945337,ETHUSDT,2894.70,0.02,2894.71,73.75
2025-12-25T23:46:57.965108,ETHUSDT,2894.70,0.02,2894.71,75.25
2025-12-25T23:46:57.975124,ETHUSDT,2894.70,0.02,2894.71,76.92
2025-12-25T23:46:58.018582,ETHUSDT,2894.70,0.02,2894.71,78.47
2025-12-25T23:46:58.044653,ETHUSDT,2894.58,0.34,2894.59,48.57
2025-12-25T23:46:58.055355,ETHUSDT,2894.58,0.35,2894.59,79.35
2025-12-25T23:46:58.064949,ETHUSDT,2894.58,0.35,2894.59,80.83
2025-12-25T23:46:58.135883,ETHUSDT,2894.58,0.35,2894.59,81.14
2025-12-25T23:46:58.144802,ETHUSDT,2894.36,10.33,2894.37,82.13
2025-12-25T23:46:58.155352,ETHUSDT,2894.36,21.54,2894.37,62.18
2025-12-25T23:46:58.164995,ETHUSDT,2894.36,22.44,2894.37,30.77
2025-12-25T23:46:58.176602,ETHUSDT,2894.36,22.44,2894.37,25.43
2025-12-25T23:46:58.184533,ETHUSDT,2894.36,23.04,2894.37,15.62
2025-12-25T23:46:58.194802,ETHUSDT,2894.36,23.04,2894.37,15.22
2025-12-25T23:46:58.204737,ETHUSDT,2894.36,22.44,2894.37,15.22
2025-12-25T23:46:58.214881,ETHUSDT,2894.36,22.44,2894.37,10.37
2025-12-25T23:46:58.225034,ETHUSDT,2894.36,22.44,2894.37,16.22
2025-12-25T23:46:58.234952,ETHUSDT,2894.36,22.44,2894.37,16.53
2025-12-25T23:46:58.285626,ETHUSDT,2894.36,22.44,2894.37,11.68
2025-12-25T23:46:58.294705,ETHUSDT,2894.36,22.44,2894.37,16.53
2025-12-25T23:46:58.315225,ETHUSDT,2894.36,22.44,2894.37,9.77
2025-12-25T23:46:58.325069,ETHUSDT,2894.36,22.44,2894.37,9.43
2025-12-25T23:46:58.334703,ETHUSDT,2894.36,22.44,2894.37,4.58
2025-12-25T23:46:58.355063,ETHUSDT,2894.36,22.44,2894.37,9.43
2025-12-25T23:46:58.365426,ETHUSDT,2894.36,22.44,2894.37,4.58
2025-12-25T23:46:58.475681,ETHUSDT,2894.36,22.44,2894.37,21.78
2025-12-25T23:46:58.484831,ETHUSDT,2894.36,15.77,2894.37,21.78
2025-12-25T23:46:58.494757,ETHUSDT,2894.36,10.92,2894.37,21.78
2025-12-25T23:46:58.535843,ETHUSDT,2894.36,7.96,2894.37,21.78
2025-12-25T23:46:58.545452,ETHUSDT,2894.36,7.96,2894.37,11.57
2025-12-25T23:46:58.555056,ETHUSDT,2894.36,65.98,2894.37,16.02
2025-12-25T23:46:58.564812,ETHUSDT,2894.36,66.75,2894.37,2.28
2025-12-25T23:46:58.575183,ETHUSDT,2894.58,7.42,2894.59,1.35
2025-12-25T23:46:58.587795,ETHUSDT,2894.58,41.88,2894.59,11.46
2025-12-25T23:46:58.595385,ETHUSDT,2894.58,42.78,2894.59,11.80
2025-12-25T23:46:58.615356,ETHUSDT,2894.58,31.86,2894.59,20.30
2025-12-25T23:46:58.624756,ETHUSDT,2894.58,27.01,2894.59,20.30
2025-12-25T23:46:58.634871,ETHUSDT,2894.58,21.31,2894.59,20.30
2025-12-25T23:46:58.644456,ETHUSDT,2894.58,14.05,2894.59,20.30
2025-12-25T23:46:58.661779,ETHUSDT,2894.58,15.08,2894.59,20.29
2025-12-25T23:46:58.665283,ETHUSDT,2894.58,12.66,2894.59,20.65
2025-12-25T23:46:58.675063,ETHUSDT,2894.58,7.86,2894.59,21.82
2025-12-25T23:46:58.688355,ETHUSDT,2894.58,5.65,2894.59,21.82
2025-12-25T23:46:58.717848,ETHUSDT,2894.58,5.65,2894.59,22.13
2025-12-25T23:46:58.724428,ETHUSDT,2894.58,4.62,2894.59,37.44
2025-12-25T23:46:58.734850,ETHUSDT,2894.58,4.62,2894.59,37.45
2025-12-25T23:46:58.759499,ETHUSDT,2894.58,0.02,2894.59,37.45
2025-12-25T23:46:58.765254,ETHUSDT,2894.58,0.02,2894.59,39.12
2025-12-25T23:46:58.835256,ETHUSDT,2894.55,0.02,2894.56,15.66
2025-12-25T23:46:58.845056,ETHUSDT,2894.55,0.03,2894.56,70.53
2025-12-25T23:46:58.885321,ETHUSDT,2894.55,0.03,2894.56,69.64
2025-12-25T23:46:58.904848,ETHUSDT,2894.55,0.03,2894.56,69.62
2025-12-25T23:46:58.917659,ETHUSDT,2894.55,0.03,2894.56,69.94
2025-12-25T23:46:58.924608,ETHUSDT,2894.40,0.02,2894.47,6.19
2025-12-25T23:46:58.935139,ETHUSDT,2894.40,20.37,2894.41,52.91
2025-12-25T23:46:58.944462,ETHUSDT,2894.40,20.37,2894.41,46.43
2025-12-25T23:46:58.955349,ETHUSDT,2894.40,21.27,2894.41,46.43
2025-12-25T23:46:58.965334,ETHUSDT,2894.40,21.40,2894.41,35.50
2025-12-25T23:46:58.996808,ETHUSDT,2894.40,21.40,2894.41,29.80
2025-12-25T23:46:59.019704,ETHUSDT,2894.40,21.40,2894.41,30.11
2025-12-25T23:46:59.055907,ETHUSDT,2894.40,22.00,2894.41,30.11
2025-12-25T23:46:59.164952,ETHUSDT,2894.40,25.45,2894.41,30.11
2025-12-25T23:46:59.195374,ETHUSDT,2894.40,25.45,2894.41,26.60
2025-12-25T23:46:59.256381,ETHUSDT,2894.40,25.45,2894.41,24.87
2025-12-25T23:46:59.265078,ETHUSDT,2894.40,25.45,2894.41,20.02
2025-12-25T23:46:59.306188,ETHUSDT,2894.40,25.49,2894.41,20.02
2025-12-25T23:46:59.326495,ETHUSDT,2894.40,25.55,2894.41,20.02
2025-12-25T23:46:59.375244,ETHUSDT,2894.40,31.27,2894.41,22.95
2025-12-25T23:46:59.384516,ETHUSDT,2894.40,31.54,2894.41,22.95
2025-12-25T23:46:59.415327,ETHUSDT,2894.40,31.57,2894.41,22.95
2025-12-25T23:46:59.455440,ETHUSDT,2894.40,31.57,2894.41,3.61
2025-12-25T23:46:59.464542,ETHUSDT,2894.40,31.57,2894.41,1.66
2025-12-25T23:46:59.484825,ETHUSDT,2894.40,31.57,2894.41,1.67
2025-12-25T23:46:59.507548,ETHUSDT,2894.40,31.57,2894.41,2.01
2025-12-25T23:46:59.516787,ETHUSDT,2894.40,31.58,2894.41,2.01
2025-12-25T23:46:59.535488,ETHUSDT,2894.40,31.58,2894.41,2.31
2025-12-25T23:46:59.545042,ETHUSDT,2894.40,31.54,2894.41,4.00
2025-12-25T23:46:59.716238,ETHUSDT,2894.40,31.57,2894.41,4.00
2025-12-25T23:46:59.795573,ETHUSDT,2894.40,31.57,2894.41,9.25
2025-12-25T23:46:59.824961,ETHUSDT,2894.40,31.57,2894.41,1.82
2025-12-25T23:46:59.834897,ETHUSDT,2894.40,28.12,2894.41,2.17
2025-12-25T23:46:59.895631,ETHUSDT,2894.40,28.09,2894.41,19.69
2025-12-25T23:46:59.904878,ETHUSDT,2894.40,28.09,2894.41,16.57
2025-12-25T23:46:59.917175,ETHUSDT,2894.40,28.07,2894.41,16.57
2025-12-25T23:46:59.924449,ETHUSDT,2894.40,28.07,2894.41,18.74
2025-12-25T23:46:59.935120,ETHUSDT,2894.40,31.52,2894.41,18.74
2025-12-25T23:46:59.944794,ETHUSDT,2894.40,31.52,2894.41,23.59
2025-12-25T23:46:59.954915,ETHUSDT,2894.40,6.77,2894.41,23.59
2025-12-25T23:46:59.965235,ETHUSDT,2894.40,11.33,2894.41,23.59
2025-12-25T23:46:59.985197,ETHUSDT,2894.40,6.15,2894.41,23.59
2025-12-25T23:47:00.026784,ETHUSDT,2894.40,6.12,2894.41,25.93
2025-12-25T23:47:00.095424,ETHUSDT,2894.40,6.12,2894.41,25.79
2025-12-25T23:47:00.105112,ETHUSDT,2894.40,1.27,2894.41,25.79
2025-12-25T23:47:00.115397,ETHUSDT,2894.40,12.61,2894.41,25.67
2025-12-25T23:47:00.136516,ETHUSDT,2894.40,12.58,2894.41,25.67
2025-12-25T23:47:00.275329,ETHUSDT,2894.40,19.06,2894.41,25.67
2025-12-25T23:47:00.327063,ETHUSDT,2894.40,19.06,2894.41,20.82
2025-12-25T23:47:00.344924,ETHUSDT,2894.40,20.15,2894.41,20.82
2025-12-25T23:47:00.364757,ETHUSDT,2894.40,20.15,2894.41,25.67
2025-12-25T23:47:00.384856,ETHUSDT,2894.40,20.15,2894.41,20.82
2025-12-25T23:47:00.394845,ETHUSDT,2894.40,19.06,2894.41,25.67
2025-12-25T23:47:00.435273,ETHUSDT,2894.40,19.10,2894.41,25.67
2025-12-25T23:47:00.444681,ETHUSDT,2894.40,18.85,2894.41,25.67
2025-12-25T23:47:00.465388,ETHUSDT,2894.40,18.86,2894.41,25.67
2025-12-25T23:47:00.505715,ETHUSDT,2894.40,18.86,2894.41,20.82
2025-12-25T23:47:00.516515,ETHUSDT,2894.40,23.95,2894.41,20.82
2025-12-25T23:47:00.536326,ETHUSDT,2894.40,23.98,2894.41,20.82
2025-12-25T23:47:00.635885,ETHUSDT,2894.40,25.75,2894.41,5.29
2025-12-25T23:47:00.665380,ETHUSDT,2894.40,26.26,2894.41,5.29
2025-12-25T23:47:00.716006,ETHUSDT,2894.40,26.53,2894.41,5.29
2025-12-25T23:47:00.736727,ETHUSDT,2894.40,26.48,2894.41,5.29
2025-12-25T23:47:00.744872,ETHUSDT,2894.40,26.37,2894.41,5.29
2025-12-25T23:47:00.764776,ETHUSDT,2894.40,26.34,2894.41,5.29
2025-12-25T23:47:00.784962,ETHUSDT,2894.40,26.38,2894.41,5.29
2025-12-25T23:47:00.824790,ETHUSDT,2894.40,25.60,2894.41,5.29
2025-12-25T23:47:00.854885,ETHUSDT,2894.40,25.67,2894.41,5.29
2025-12-25T23:47:00.895081,ETHUSDT,2894.40,25.67,2894.41,5.30
2025-12-25T23:47:00.919128,ETHUSDT,2894.40,25.66,2894.41,10.55
2025-12-25T23:47:00.985091,ETHUSDT,2894.40,25.52,2894.41,10.55
2025-12-25T23:47:00.996183,ETHUSDT,2894.40,25.51,2894.41,10.55
2025-12-25T23:47:01.035720,ETHUSDT,2894.40,26.02,2894.41,10.55
2025-12-25T23:47:01.044833,ETHUSDT,2894.40,19.86,2894.41,15.40
2025-12-25T23:47:01.054750,ETHUSDT,2894.40,19.92,2894.41,15.40
2025-12-25T23:47:01.076134,ETHUSDT,2894.40,19.91,2894.41,15.40
2025-12-25T23:47:01.105792,ETHUSDT,2894.40,19.91,2894.41,12.00
2025-12-25T23:47:01.135618,ETHUSDT,2894.40,19.84,2894.41,7.15
2025-12-25T23:47:01.146016,ETHUSDT,2894.40,19.97,2894.41,7.15
2025-12-25T23:47:01.154776,ETHUSDT,2894.40,19.46,2894.41,12.34
2025-12-25T23:47:01.165164,ETHUSDT,2894.40,17.26,2894.41,25.73
2025-12-25T23:47:01.174781,ETHUSDT,2894.40,5.35,2894.41,28.63
2025-12-25T23:47:01.184776,ETHUSDT,2894.40,5.35,2894.41,29.53
2025-12-25T23:47:01.204772,ETHUSDT,2894.40,10.20,2894.41,29.53
2025-12-25T23:47:01.235328,ETHUSDT,2894.40,10.23,2894.41,29.53
2025-12-25T23:47:01.249174,ETHUSDT,2894.40,10.36,2894.41,29.53
2025-12-25T23:47:01.284797,ETHUSDT,2894.40,5.48,2894.41,29.73
2025-12-25T23:47:01.305051,ETHUSDT,2894.40,5.48,2894.41,30.82
2025-12-25T23:47:01.316772,ETHUSDT,2894.40,5.48,2894.41,30.48
2025-12-25T23:47:01.344578,ETHUSDT,2894.40,5.35,2894.41,30.48
2025-12-25T23:47:01.385672,ETHUSDT,2894.40,5.32,2894.41,30.48
2025-12-25T23:47:01.404577,ETHUSDT,2894.36,0.02,2894.37,16.10
2025-12-25T23:47:01.420165,ETHUSDT,2894.22,0.03,2894.23,51.47
2025-12-25T23:47:01.424531,ETHUSDT,2894.20,0.01,2894.21,10.64
2025-12-25T23:47:01.435250,ETHUSDT,2894.18,0.34,2894.19,78.19
2025-12-25T23:47:01.444475,ETHUSDT,2894.09,0.01,2894.10,37.45
2025-12-25T23:47:01.455330,ETHUSDT,2894.04,0.01,2894.05,2.58
2025-12-25T23:47:01.464695,ETHUSDT,2894.00,0.02,2894.01,4.94
2025-12-25T23:47:01.475965,ETHUSDT,2893.88,0.01,2893.89,21.38
2025-12-25T23:47:01.484764,ETHUSDT,2893.88,13.03,2893.89,29.05
2025-12-25T23:47:01.495005,ETHUSDT,2893.88,12.95,2893.89,29.05
2025-12-25T23:47:01.505148,ETHUSDT,2893.88,12.95,2893.89,29.95
2025-12-25T23:47:01.522345,ETHUSDT,2893.88,18.13,2893.89,28.57
2025-12-25T23:47:01.534883,ETHUSDT,2893.88,17.73,2893.89,23.56
2025-12-25T23:47:01.546375,ETHUSDT,2893.88,17.75,2893.89,10.53
2025-12-25T23:47:01.555438,ETHUSDT,2893.88,18.98,2893.89,6.45
2025-12-25T23:47:01.567203,ETHUSDT,2893.88,18.98,2893.89,16.27
2025-12-25T23:47:01.575190,ETHUSDT,2893.88,19.04,2893.89,16.27
2025-12-25T23:47:01.595101,ETHUSDT,2893.88,19.11,2893.89,7.04
2025-12-25T23:47:01.604850,ETHUSDT,2893.88,19.11,2893.89,0.44
2025-12-25T23:47:01.614791,ETHUSDT,2893.88,19.24,2893.89,0.02
2025-12-25T23:47:01.624692,ETHUSDT,2893.99,123.32,2894.00,0.03
2025-12-25T23:47:01.634985,ETHUSDT,2894.07,1.91,2894.08,0.02
2025-12-25T23:47:01.644485,ETHUSDT,2894.09,5.63,2894.10,0.01
2025-12-25T23:47:01.658266,ETHUSDT,2894.09,88.41,2894.10,0.02
2025-12-25T23:47:01.664811,ETHUSDT,2894.09,88.33,2894.10,0.02
2025-12-25T23:47:01.684825,ETHUSDT,2894.09,94.02,2894.10,0.02
2025-12-25T23:47:01.695046,ETHUSDT,2894.09,94.09,2894.10,0.02
2025-12-25T23:47:01.704496,ETHUSDT,2894.09,94.14,2894.10,0.02
2025-12-25T23:47:01.724599,ETHUSDT,2894.09,97.86,2894.10,0.02
2025-12-25T23:47:01.744790,ETHUSDT,2894.09,97.76,2894.10,0.02
2025-12-25T23:47:01.765600,ETHUSDT,2894.09,97.89,2894.10,0.02
2025-12-25T23:47:01.785181,ETHUSDT,2894.10,70.59,2894.11,7.56
2025-12-25T23:47:01.795534,ETHUSDT,2894.10,82.51,2894.11,7.72
2025-12-25T23:47:01.804722,ETHUSDT,2894.10,26.48,2894.11,20.60
2025-12-25T23:47:01.815105,ETHUSDT,2894.10,14.70,2894.11,20.60
2025-12-25T23:47:01.825050,ETHUSDT,2894.10,14.70,2894.11,21.50
2025-12-25T23:47:01.835441,ETHUSDT,2894.10,18.15,2894.11,21.50
2025-12-25T23:47:01.854639,ETHUSDT,2894.10,14.70,2894.11,21.50
2025-12-25T23:47:01.864806,ETHUSDT,2894.10,38.90,2894.11,8.59
2025-12-25T23:47:01.875312,ETHUSDT,2894.45,3.17,2894.55,3.07
2025-12-25T23:47:01.884686,ETHUSDT,2894.54,25.06,2894.55,38.01
2025-12-25T23:47:01.895815,ETHUSDT,2894.54,1.35,2894.55,38.36
2025-12-25T23:47:01.904533,ETHUSDT,2894.54,2.25,2894.55,38.36
2025-12-25T23:47:01.924642,ETHUSDT,2894.54,4.41,2894.55,37.10
2025-12-25T23:47:01.975740,ETHUSDT,2894.54,7.97,2894.55,30.65
2025-12-25T23:47:01.985692,ETHUSDT,2894.54,46.53,2894.55,16.87
2025-12-25T23:47:02.015744,ETHUSDT,2894.54,32.61,2894.55,16.87
2025-12-25T23:47:02.024527,ETHUSDT,2894.54,34.96,2894.55,17.16
2025-12-25T23:47:02.034728,ETHUSDT,2894.54,12.57,2894.55,17.16
2025-12-25T23:47:02.076420,ETHUSDT,2894.54,4.27,2894.55,17.16
2025-12-25T23:47:02.105469,ETHUSDT,2894.54,4.40,2894.55,17.29
2025-12-25T23:47:02.135627,ETHUSDT,2894.54,9.25,2894.55,17.04
2025-12-25T23:47:02.145394,ETHUSDT,2894.54,9.25,2894.55,17.06
2025-12-25T23:47:02.225540,ETHUSDT,2894.54,4.40,2894.55,18.33
2025-12-25T23:47:02.284892,ETHUSDT,2894.54,3.63,2894.55,18.33
2025-12-25T23:47:02.295046,ETHUSDT,2894.54,0.88,2894.55,23.18
2025-12-25T23:47:02.418022,ETHUSDT,2894.54,0.88,2894.55,24.81
2025-12-25T23:47:02.506316,ETHUSDT,2894.54,0.82,2894.55,24.81
2025-12-25T23:47:02.515073,ETHUSDT,2894.54,0.82,2894.55,25.72
2025-12-25T23:47:02.524724,ETHUSDT,2894.47,0.03,2894.48,85.99
2025-12-25T23:47:02.534871,ETHUSDT,2894.32,0.35,2894.33,63.08
2025-12-25T23:47:02.544464,ETHUSDT,2894.20,0.03,2894.33,73.67
2025-12-25T23:47:02.554970,ETHUSDT,2894.20,0.16,2894.21,54.55
2025-12-25T23:47:02.565551,ETHUSDT,2894.20,11.50,2894.21,54.55
2025-12-25T23:47:02.579771,ETHUSDT,2894.20,12.27,2894.21,54.68
2025-12-25T23:47:02.595227,ETHUSDT,2894.20,0.93,2894.21,44.39
2025-12-25T23:47:02.621282,ETHUSDT,2894.20,0.78,2894.21,44.39
2025-12-25T23:47:02.644616,ETHUSDT,2894.20,12.12,2894.21,44.39
2025-12-25T23:47:02.665060,ETHUSDT,2894.20,7.27,2894.21,44.39
2025-12-25T23:47:02.674859,ETHUSDT,2894.20,7.27,2894.21,44.43
2025-12-25T23:47:02.684581,ETHUSDT,2894.20,7.30,2894.21,44.72
2025-12-25T23:47:02.695921,ETHUSDT,2894.20,12.15,2894.21,44.72
2025-12-25T23:47:02.705440,ETHUSDT,2894.20,15.13,2894.21,44.72
2025-12-25T23:47:02.724705,ETHUSDT,2894.20,15.26,2894.21,44.72
2025-12-25T23:47:02.745344,ETHUSDT,2894.20,15.26,2894.21,39.52
2025-12-25T23:47:02.765573,ETHUSDT,2894.20,15.86,2894.21,34.25
2025-12-25T23:47:02.775565,ETHUSDT,2894.20,16.94,2894.21,31.57
2025-12-25T23:47:02.794932,ETHUSDT,2894.20,16.94,2894.21,31.58
2025-12-25T23:47:02.825559,ETHUSDT,2894.20,16.96,2894.21,31.58
2025-12-25T23:47:02.835271,ETHUSDT,2894.20,20.41,2894.21,31.58
2025-12-25T23:47:02.844811,ETHUSDT,2894.20,20.49,2894.21,31.58
2025-12-25T23:47:02.905189,ETHUSDT,2894.20,20.46,2894.21,31.58
2025-12-25T23:47:02.916742,ETHUSDT,2894.20,20.40,2894.21,31.58
2025-12-25T23:47:02.935324,ETHUSDT,2894.20,20.40,2894.21,26.73
2025-12-25T23:47:02.944652,ETHUSDT,2894.20,20.46,2894.21,26.73
2025-12-25T23:47:03.065473,ETHUSDT,2894.20,20.38,2894.21,26.73
2025-12-25T23:47:03.101504,ETHUSDT,2894.20,20.33,2894.21,26.73
2025-12-25T23:47:03.125660,ETHUSDT,2894.20,20.36,2894.21,26.73
2025-12-25T23:47:03.134718,ETHUSDT,2894.20,20.36,2894.21,17.34
2025-12-25T23:47:03.144927,ETHUSDT,2894.20,21.49,2894.21,17.34
2025-12-25T23:47:03.265509,ETHUSDT,2894.20,21.49,2894.21,17.33
2025-12-25T23:47:03.275164,ETHUSDT,2894.20,21.52,2894.21,17.33
2025-12-25T23:47:03.325233,ETHUSDT,2894.20,19.31,2894.21,22.18
2025-12-25T23:47:03.337027,ETHUSDT,2894.20,19.28,2894.21,22.18
2025-12-25T23:47:03.365350,ETHUSDT,2894.20,18.68,2894.21,22.18
2025-12-25T23:47:03.374692,ETHUSDT,2894.20,18.71,2894.21,22.18
2025-12-25T23:47:03.384613,ETHUSDT,2894.20,12.35,2894.21,22.18
2025-12-25T23:47:03.398732,ETHUSDT,2894.20,5.86,2894.21,22.18
2025-12-25T23:47:03.506267,ETHUSDT,2894.20,5.83,2894.21,22.18
2025-12-25T23:47:03.516328,ETHUSDT,2894.20,5.83,2894.21,23.09
2025-12-25T23:47:03.576206,ETHUSDT,2894.20,6.43,2894.21,23.09
2025-12-25T23:47:03.725648,ETHUSDT,2894.20,6.46,2894.21,23.09
2025-12-25T23:47:03.775519,ETHUSDT,2894.20,6.49,2894.21,23.09
2025-12-25T23:47:03.808594,ETHUSDT,2894.20,13.75,2894.21,22.18
2025-12-25T23:47:03.945652,ETHUSDT,2894.20,13.76,2894.21,22.18
2025-12-25T23:47:03.985610,ETHUSDT,2894.20,6.47,2894.21,22.01
2025-12-25T23:47:03.995427,ETHUSDT,2894.20,7.51,2894.21,22.01
2025-12-25T23:47:04.016992,ETHUSDT,2894.20,7.54,2894.21,22.01
2025-12-25T23:47:04.045453,ETHUSDT,2894.20,12.39,2894.21,22.01
2025-12-25T23:47:04.075834,ETHUSDT,2894.20,12.39,2894.21,23.99
2025-12-25T23:47:04.084794,ETHUSDT,2894.20,1.09,2894.21,23.99
2025-12-25T23:47:04.098136,ETHUSDT,2894.20,1.09,2894.21,25.12
2025-12-25T23:47:04.164086,ETHUSDT,2894.20,1.05,2894.21,25.12
2025-12-25T23:47:04.195679,ETHUSDT,2894.10,4.86,2894.11,5.25
2025-12-25T23:47:04.204542,ETHUSDT,2894.07,0.02,2894.08,4.85
2025-12-25T23:47:04.239594,ETHUSDT,2894.07,11.38,2894.08,46.83
2025-12-25T23:47:04.240166,ETHUSDT,2894.07,0.04,2894.08,46.83
2025-12-25T23:47:04.264796,ETHUSDT,2894.07,12.57,2894.08,42.41
2025-12-25T23:47:04.274765,ETHUSDT,2894.07,29.97,2894.08,31.26
2025-12-25T23:47:04.295432,ETHUSDT,2894.07,30.57,2894.08,31.26
2025-12-25T23:47:04.326091,ETHUSDT,2894.07,29.83,2894.08,31.26
2025-12-25T23:47:04.326617,ETHUSDT,2894.07,29.23,2894.08,31.26
2025-12-25T23:47:04.340462,ETHUSDT,2894.07,29.83,2894.08,31.26
2025-12-25T23:47:04.344703,ETHUSDT,2894.07,29.89,2894.08,31.55
2025-12-25T23:47:04.376478,ETHUSDT,2894.07,29.92,2894.08,31.55
2025-12-25T23:47:04.416802,ETHUSDT,2894.07,30.05,2894.08,31.55
2025-12-25T23:47:04.457483,ETHUSDT,2894.07,30.08,2894.08,31.55
2025-12-25T23:47:04.464811,ETHUSDT,2894.07,30.08,2894.08,14.84
2025-12-25T23:47:04.475539,ETHUSDT,2894.20,4.51,2894.21,1.99
2025-12-25T23:47:04.484593,ETHUSDT,2894.20,60.87,2894.21,40.53
2025-12-25T23:47:04.495360,ETHUSDT,2894.20,36.47,2894.21,40.53
2025-12-25T23:47:04.505205,ETHUSDT,2894.20,31.62,2894.21,41.44
2025-12-25T23:47:04.520082,ETHUSDT,2894.20,24.60,2894.21,41.39
2025-12-25T23:47:04.555015,ETHUSDT,2894.20,24.60,2894.21,41.68
2025-12-25T23:47:04.584872,ETHUSDT,2894.20,24.77,2894.21,41.68
2025-12-25T23:47:04.595271,ETHUSDT,2894.20,24.87,2894.21,42.68
2025-12-25T23:47:04.665186,ETHUSDT,2894.20,13.79,2894.21,42.68
2025-12-25T23:47:04.675498,ETHUSDT,2894.20,18.64,2894.21,42.68
2025-12-25T23:47:04.684815,ETHUSDT,2894.20,18.67,2894.21,42.68
2025-12-25T23:47:04.694049,ETHUSDT,2894.20,11.70,2894.21,42.68
2025-12-25T23:47:04.705007,ETHUSDT,2894.20,11.70,2894.21,34.72
2025-12-25T23:47:04.724606,ETHUSDT,2894.20,18.42,2894.21,34.72
2025-12-25T23:47:04.741048,ETHUSDT,2894.20,18.45,2894.21,34.72
2025-12-25T23:47:04.805637,ETHUSDT,2894.20,18.41,2894.21,34.72
2025-12-25T23:47:04.855980,ETHUSDT,2894.20,13.56,2894.21,34.72
2025-12-25T23:47:04.915977,ETHUSDT,2894.20,18.38,2894.21,34.72
2025-12-25T23:47:04.924491,ETHUSDT,2894.20,11.66,2894.21,34.72
2025-12-25T23:47:04.956496,ETHUSDT,2894.20,18.43,2894.21,19.72
2025-12-25T23:47:04.964932,ETHUSDT,2894.20,24.66,2894.21,14.87
2025-12-25T23:47:04.985352,ETHUSDT,2894.20,24.66,2894.21,14.01
2025-12-25T23:47:04.994635,ETHUSDT,2894.20,24.66,2894.21,2.84
2025-12-25T23:47:05.025421,ETHUSDT,2894.20,32.85,2894.21,2.84
2025-12-25T23:47:05.044759,ETHUSDT,2894.26,40.09,2894.27,0.02
2025-12-25T23:47:05.055159,ETHUSDT,2894.30,113.46,2894.31,0.01
2025-12-25T23:47:05.065050,ETHUSDT,2894.39,16.73,2894.40,0.02
2025-12-25T23:47:05.074989,ETHUSDT,2894.40,14.90,2894.41,0.36
2025-12-25T23:47:05.084880,ETHUSDT,2894.40,70.56,2894.41,0.71
2025-12-25T23:47:05.102080,ETHUSDT,2894.40,62.56,2894.41,0.71
2025-12-25T23:47:05.176027,ETHUSDT,2894.40,62.50,2894.41,0.71
2025-12-25T23:47:05.184894,ETHUSDT,2894.40,62.50,2894.41,1.00
2025-12-25T23:47:05.235456,ETHUSDT,2894.40,62.88,2894.41,1.00
2025-12-25T23:47:05.255982,ETHUSDT,2894.40,42.95,2894.41,22.18
2025-12-25T23:47:05.264840,ETHUSDT,2894.40,41.82,2894.41,29.45
2025-12-25T23:47:05.296037,ETHUSDT,2894.40,41.82,2894.41,22.96
2025-12-25T23:47:05.335666,ETHUSDT,2894.40,41.82,2894.41,23.05
2025-12-25T23:47:05.355233,ETHUSDT,2894.40,41.82,2894.41,22.69
2025-12-25T23:47:05.378513,ETHUSDT,2894.40,7.73,2894.41,23.29
2025-12-25T23:47:05.385397,ETHUSDT,2894.40,1.18,2894.41,24.52
2025-12-25T23:47:05.395129,ETHUSDT,2894.40,12.25,2894.41,23.92
2025-12-25T23:47:05.405098,ETHUSDT,2894.40,12.27,2894.41,23.92
2025-12-25T23:47:05.415017,ETHUSDT,2894.40,1.20,2894.41,23.92
2025-12-25T23:47:05.535810,ETHUSDT,2894.40,1.20,2894.41,21.92
2025-12-25T23:47:05.575163,ETHUSDT,2894.40,7.69,2894.41,21.92
2025-12-25T23:47:05.594785,ETHUSDT,2894.40,12.54,2894.41,21.92
2025-12-25T23:47:05.605163,ETHUSDT,2894.40,12.54,2894.41,20.89
2025-12-25T23:47:05.624988,ETHUSDT,2894.40,19.94,2894.41,20.89
2025-12-25T23:47:05.776444,ETHUSDT,2894.40,19.94,2894.41,20.90
2025-12-25T23:47:05.824959,ETHUSDT,2894.40,15.94,2894.41,20.90
2025-12-25T23:47:05.875273,ETHUSDT,2894.40,13.54,2894.41,20.90
2025-12-25T23:47:05.884863,ETHUSDT,2894.40,15.94,2894.41,20.90
2025-12-25T23:47:06.168176,ETHUSDT,2894.40,15.94,2894.41,20.96
2025-12-25T23:47:06.169238,ETHUSDT,2894.40,15.88,2894.41,20.96
2025-12-25T23:47:06.169689,ETHUSDT,2894.40,15.89,2894.41,20.96
2025-12-25T23:47:06.170007,ETHUSDT,2894.40,15.89,2895.71,22.47
2025-12-25T23:47:06.170316,ETHUSDT,2894.95,22.01,2894.96,0.14
2025-12-25T23:47:06.170626,ETHUSDT,2894.95,46.48,2894.96,17.86
2025-12-25T23:47:06.170931,ETHUSDT,2894.95,42.08,2894.96,11.98
2025-12-25T23:47:06.171238,ETHUSDT,2894.95,43.71,2894.96,0.05
2025-12-25T23:47:06.184949,ETHUSDT,2894.99,65.69,2895.00,0.02
2025-12-25T23:47:06.194914,ETHUSDT,2895.05,30.81,2895.06,0.02
2025-12-25T23:47:06.204849,ETHUSDT,2895.05,109.54,2895.06,11.72
2025-12-25T23:47:06.224974,ETHUSDT,2895.05,85.73,2895.06,11.29
2025-12-25T23:47:06.235266,ETHUSDT,2895.05,85.73,2895.06,0.02
2025-12-25T23:47:06.296450,ETHUSDT,2895.08,0.32,2895.09,0.02
2025-12-25T23:47:06.305253,ETHUSDT,2895.19,103.56,2895.20,0.01
2025-12-25T23:47:06.315400,ETHUSDT,2895.56,13.64,2895.57,16.72
2025-12-25T23:47:06.324711,ETHUSDT,2895.56,4.37,2895.57,22.44
2025-12-25T23:47:06.347838,ETHUSDT,2895.56,15.40,2895.57,22.51
2025-12-25T23:47:06.348400,ETHUSDT,2895.56,10.55,2895.57,22.51
2025-12-25T23:47:06.362305,ETHUSDT,2895.56,19.43,2895.57,19.20
2025-12-25T23:47:06.395548,ETHUSDT,2895.56,19.43,2895.57,5.68
2025-12-25T23:47:06.404787,ETHUSDT,2895.56,26.33,2895.57,0.43
2025-12-25T23:47:06.424799,ETHUSDT,2895.56,27.47,2895.57,0.39
2025-12-25T23:47:06.459626,ETHUSDT,2895.56,24.15,2895.57,0.39
2025-12-25T23:47:06.460315,ETHUSDT,2895.56,20.70,2895.57,0.69
2025-12-25T23:47:06.464591,ETHUSDT,2895.56,20.70,2895.57,5.20
2025-12-25T23:47:06.475589,ETHUSDT,2895.56,20.70,2895.57,5.54
2025-12-25T23:47:06.518219,ETHUSDT,2895.56,20.70,2895.57,0.69
2025-12-25T23:47:06.524529,ETHUSDT,2895.56,20.70,2895.57,0.09
2025-12-25T23:47:06.595565,ETHUSDT,2895.56,20.70,2895.57,0.35
2025-12-25T23:47:06.635173,ETHUSDT,2895.56,20.70,2895.57,0.69
2025-12-25T23:47:06.676294,ETHUSDT,2895.56,20.70,2895.57,0.39
2025-12-25T23:47:06.703959,ETHUSDT,2895.59,2.26,2895.86,1.96
2025-12-25T23:47:06.735946,ETHUSDT,2896.22,55.67,2896.47,0.23
2025-12-25T23:47:06.750091,ETHUSDT,2896.52,0.26,2896.53,0.02
2025-12-25T23:47:06.758646,ETHUSDT,2896.62,1.08,2896.63,0.96
2025-12-25T23:47:06.761913,ETHUSDT,2896.67,0.04,2896.68,0.17
2025-12-25T23:47:06.769432,ETHUSDT,2896.71,1.72,2896.72,0.35
2025-12-25T23:47:06.778005,ETHUSDT,2896.71,29.36,2896.72,1.55
2025-12-25T23:47:06.779645,ETHUSDT,2896.71,68.10,2896.72,0.89
2025-12-25T23:47:06.787635,ETHUSDT,2896.79,3.17,2896.80,0.03
2025-12-25T23:47:06.795275,ETHUSDT,2896.79,41.46,2896.80,2.34
2025-12-25T23:47:06.804717,ETHUSDT,2896.79,61.37,2896.80,8.39
2025-12-25T23:47:06.824449,ETHUSDT,2896.79,50.73,2896.80,13.59
2025-12-25T23:47:06.835018,ETHUSDT,2896.79,42.69,2896.80,13.43
2025-12-25T23:47:06.844531,ETHUSDT,2896.79,42.69,2896.80,13.42
2025-12-25T23:47:06.865418,ETHUSDT,2896.79,42.69,2896.80,4.91
2025-12-25T23:47:06.895759,ETHUSDT,2896.79,29.18,2896.80,5.25
2025-12-25T23:47:06.905044,ETHUSDT,2896.79,19.98,2896.80,4.91
2025-12-25T23:47:06.916852,ETHUSDT,2896.79,23.43,2896.80,4.91
2025-12-25T23:47:06.924845,ETHUSDT,2896.79,23.43,2896.80,5.21
2025-12-25T23:47:06.954862,ETHUSDT,2896.79,28.28,2896.80,5.21
2025-12-25T23:47:06.965022,ETHUSDT,2896.79,23.43,2896.80,5.21
2025-12-25T23:47:06.975052,ETHUSDT,2896.79,23.43,2896.80,5.55
2025-12-25T23:47:06.990406,ETHUSDT,2896.79,16.43,2896.80,6.15
2025-12-25T23:47:06.996823,ETHUSDT,2896.79,17.62,2896.80,13.50
2025-12-25T23:47:07.005019,ETHUSDT,2896.79,5.96,2896.80,35.48
2025-12-25T23:47:07.020506,ETHUSDT,2896.67,0.02,2896.68,42.08
2025-12-25T23:47:07.035161,ETHUSDT,2896.67,0.02,2896.68,42.98
2025-12-25T23:47:07.065361,ETHUSDT,2896.67,0.02,2896.68,42.76
2025-12-25T23:47:07.085634,ETHUSDT,2896.67,0.02,2896.68,42.78
2025-12-25T23:47:07.095503,ETHUSDT,2896.67,0.02,2896.68,43.08
2025-12-25T23:47:07.119749,ETHUSDT,2896.67,0.01,2896.68,44.27
2025-12-25T23:47:07.124694,ETHUSDT,2896.64,10.89,2896.65,45.69
2025-12-25T23:47:07.135345,ETHUSDT,2896.64,7.60,2896.65,52.30
2025-12-25T23:47:07.144949,ETHUSDT,2896.64,7.60,2896.65,52.32
2025-12-25T23:47:07.188437,ETHUSDT,2896.64,0.34,2896.65,52.32
2025-12-25T23:47:07.204884,ETHUSDT,2896.64,14.29,2896.65,35.98
2025-12-25T23:47:07.220547,ETHUSDT,2896.64,17.77,2896.65,35.18
2025-12-25T23:47:07.224915,ETHUSDT,2896.64,18.37,2896.65,15.99
2025-12-25T23:47:07.234867,ETHUSDT,2896.64,21.82,2896.65,15.99
2025-12-25T23:47:07.255201,ETHUSDT,2896.64,15.11,2896.65,16.16
2025-12-25T23:47:07.266262,ETHUSDT,2896.64,11.79,2896.65,16.16
2025-12-25T23:47:07.274804,ETHUSDT,2896.64,14.18,2896.65,16.16
2025-12-25T23:47:07.285099,ETHUSDT,2896.64,15.11,2896.65,16.16
2025-12-25T23:47:07.345386,ETHUSDT,2896.64,15.70,2896.65,14.20
2025-12-25T23:47:07.376716,ETHUSDT,2896.64,0.48,2896.65,23.06
2025-12-25T23:47:07.425001,ETHUSDT,2896.64,0.35,2896.65,23.06
2025-12-25T23:47:07.435542,ETHUSDT,2896.50,0.01,2896.51,22.35
2025-12-25T23:47:07.444676,ETHUSDT,2896.50,0.15,2896.51,49.83
2025-12-25T23:47:07.455463,ETHUSDT,2896.50,0.15,2896.51,49.82
2025-12-25T23:47:07.464998,ETHUSDT,2896.39,6.07,2896.40,51.88
2025-12-25T23:47:07.475521,ETHUSDT,2896.39,4.87,2896.40,52.20
2025-12-25T23:47:07.484637,ETHUSDT,2896.39,11.36,2896.40,50.30
2025-12-25T23:47:07.496168,ETHUSDT,2896.39,0.02,2896.40,50.10
2025-12-25T23:47:07.522660,ETHUSDT,2896.17,0.02,2896.18,46.23
2025-12-25T23:47:07.523746,ETHUSDT,2896.17,0.01,2896.18,70.71
2025-12-25T23:47:07.536198,ETHUSDT,2896.05,0.39,2896.06,9.56
2025-12-25T23:47:07.545906,ETHUSDT,2896.02,16.98,2896.03,39.85
2025-12-25T23:47:07.555142,ETHUSDT,2896.02,12.61,2896.03,40.62
2025-12-25T23:47:07.564602,ETHUSDT,2896.02,11.21,2896.03,40.62
2025-12-25T23:47:07.575072,ETHUSDT,2896.02,2.50,2896.03,40.62
2025-12-25T23:47:07.585437,ETHUSDT,2896.02,11.69,2896.03,40.64
2025-12-25T23:47:07.597355,ETHUSDT,2896.02,17.45,2896.03,37.13
2025-12-25T23:47:07.609290,ETHUSDT,2896.02,21.51,2896.03,0.96
2025-12-25T23:47:07.615401,ETHUSDT,2896.32,2.17,2896.50,1.20
2025-12-25T23:47:07.624784,ETHUSDT,2896.49,5.70,2896.50,28.07
2025-12-25T23:47:07.635658,ETHUSDT,2896.49,6.62,2896.50,29.14
2025-12-25T23:47:07.644599,ETHUSDT,2896.49,0.92,2896.50,29.14
2025-12-25T23:47:07.655095,ETHUSDT,2896.49,0.92,2896.50,30.35
2025-12-25T23:47:07.685509,ETHUSDT,2896.49,18.21,2896.50,27.17
2025-12-25T23:47:07.699650,ETHUSDT,2896.49,17.08,2896.50,27.17
2025-12-25T23:47:07.705057,ETHUSDT,2896.49,11.83,2896.50,27.51
2025-12-25T23:47:07.725026,ETHUSDT,2896.49,0.92,2896.50,27.51
2025-12-25T23:47:07.743919,ETHUSDT,2896.39,0.01,2896.50,27.51
2025-12-25T23:47:07.755104,ETHUSDT,2896.40,0.14,2896.41,36.41
2025-12-25T23:47:07.771046,ETHUSDT,2896.34,0.02,2896.35,37.50
2025-12-25T23:47:07.796800,ETHUSDT,2896.34,6.89,2896.35,50.46
2025-12-25T23:47:07.814928,ETHUSDT,2896.34,6.89,2896.35,48.98
2025-12-25T23:47:07.865240,ETHUSDT,2896.34,6.89,2896.35,50.09
2025-12-25T23:47:07.888690,ETHUSDT,2896.34,0.03,2896.35,50.09
2025-12-25T23:47:07.904970,ETHUSDT,2896.34,0.03,2896.35,50.43
2025-12-25T23:47:07.954842,ETHUSDT,2896.34,0.03,2896.35,50.21
2025-12-25T23:47:07.985594,ETHUSDT,2896.20,0.01,2896.21,4.32
2025-12-25T23:47:07.995180,ETHUSDT,2896.07,0.91,2896.08,13.61
2025-12-25T23:47:08.006987,ETHUSDT,2896.07,0.92,2896.08,46.79
2025-12-25T23:47:08.015310,ETHUSDT,2896.07,0.92,2896.08,46.80
2025-12-25T23:47:08.025118,ETHUSDT,2896.07,0.92,2896.08,46.46
2025-12-25T23:47:08.059106,ETHUSDT,2896.07,0.92,2896.08,46.45
2025-12-25T23:47:08.074636,ETHUSDT,2896.07,0.92,2896.08,46.79
2025-12-25T23:47:08.095300,ETHUSDT,2896.07,0.92,2896.08,48.04
2025-12-25T23:47:08.109483,ETHUSDT,2896.07,0.92,2896.08,44.03
2025-12-25T23:47:08.124918,ETHUSDT,2896.07,1.05,2896.08,43.12
2025-12-25T23:47:08.155463,ETHUSDT,2896.07,5.90,2896.08,43.12
2025-12-25T23:47:08.156041,ETHUSDT,2896.07,20.63,2896.08,43.12
2025-12-25T23:47:08.156647,ETHUSDT,2896.07,20.63,2896.08,42.96
2025-12-25T23:47:08.166341,ETHUSDT,2896.07,20.63,2896.08,27.22
2025-12-25T23:47:08.175743,ETHUSDT,2896.07,20.63,2896.08,27.03
2025-12-25T23:47:08.215216,ETHUSDT,2896.07,20.63,2896.08,26.98
2025-12-25T23:47:08.224848,ETHUSDT,2896.07,20.63,2896.08,29.02
2025-12-25T23:47:08.245953,ETHUSDT,2896.07,20.63,2896.08,27.29
2025-12-25T23:47:08.254876,ETHUSDT,2896.07,20.63,2896.08,23.42
2025-12-25T23:47:08.274944,ETHUSDT,2896.07,20.63,2896.08,12.91
2025-12-25T23:47:08.305709,ETHUSDT,2896.07,20.63,2896.08,11.57
2025-12-25T23:47:08.345227,ETHUSDT,2896.07,20.63,2896.08,11.22
2025-12-25T23:47:08.375786,ETHUSDT,2896.07,20.68,2896.08,11.22
2025-12-25T23:47:08.417470,ETHUSDT,2896.07,20.68,2896.08,10.88
2025-12-25T23:47:08.424705,ETHUSDT,2896.07,20.68,2896.08,17.30
2025-12-25T23:47:08.486367,ETHUSDT,2896.07,20.68,2896.08,15.01
2025-12-25T23:47:08.494824,ETHUSDT,2896.07,20.68,2896.08,10.16
2025-12-25T23:47:08.853377,ETHUSDT,2896.07,24.13,2896.08,10.16
2025-12-25T23:47:08.856420,ETHUSDT,2896.07,20.68,2896.08,30.88
2025-12-25T23:47:08.905787,ETHUSDT,2896.07,20.68,2896.08,30.93
2025-12-25T23:47:09.076026,ETHUSDT,2896.07,20.68,2896.08,30.76
2025-12-25T23:47:09.195792,ETHUSDT,2896.07,1.11,2896.08,32.07
2025-12-25T23:47:09.217638,ETHUSDT,2896.07,0.21,2896.08,32.07
2025-12-25T23:47:09.224641,ETHUSDT,2895.93,0.01,2896.01,22.36
2025-12-25T23:47:09.235786,ETHUSDT,2895.90,0.41,2895.91,4.00
2025-12-25T23:47:09.244746,ETHUSDT,2895.90,0.02,2895.91,51.79
2025-12-25T23:47:09.254689,ETHUSDT,2895.90,0.01,2895.91,52.69
2025-12-25T23:47:09.264466,ETHUSDT,2895.87,8.67,2895.88,30.45
2025-12-25T23:47:09.275462,ETHUSDT,2895.87,0.04,2895.88,30.72
2025-12-25T23:47:09.285097,ETHUSDT,2895.87,0.04,2895.88,30.74
2025-12-25T23:47:09.304972,ETHUSDT,2895.87,0.04,2895.88,31.83
2025-12-25T23:47:09.314340,ETHUSDT,2895.87,0.04,2895.88,31.55
2025-12-25T23:47:09.324471,ETHUSDT,2895.87,0.04,2895.88,37.25
2025-12-25T23:47:09.338150,ETHUSDT,2895.76,0.23,2895.77,41.67
2025-12-25T23:47:09.345774,ETHUSDT,2895.76,0.24,2895.77,83.43
2025-12-25T23:47:09.355008,ETHUSDT,2895.66,0.01,2895.67,25.29
2025-12-25T23:47:09.364834,ETHUSDT,2895.66,11.37,2895.67,44.62
2025-12-25T23:47:09.374734,ETHUSDT,2895.65,8.22,2895.66,65.03
2025-12-25T23:47:09.384779,ETHUSDT,2895.65,2.18,2895.66,68.79
2025-12-25T23:47:09.404640,ETHUSDT,2895.65,3.11,2895.66,68.79
2025-12-25T23:47:09.416557,ETHUSDT,2895.65,2.18,2895.66,68.79
2025-12-25T23:47:09.423413,ETHUSDT,2895.65,4.49,2895.66,68.96
2025-12-25T23:47:09.434919,ETHUSDT,2895.65,4.49,2895.66,68.88
2025-12-25T23:47:09.444825,ETHUSDT,2895.65,31.78,2895.66,59.11
2025-12-25T23:47:09.454729,ETHUSDT,2895.65,33.41,2895.66,46.60
2025-12-25T23:47:09.505663,ETHUSDT,2895.65,33.41,2895.66,55.19
2025-12-25T23:47:09.535579,ETHUSDT,2895.65,33.41,2895.66,40.96
2025-12-25T23:47:09.555643,ETHUSDT,2895.65,33.54,2895.66,40.96
2025-12-25T23:47:09.565331,ETHUSDT,2895.65,33.58,2895.66,40.96
2025-12-25T23:47:09.685910,ETHUSDT,2895.65,33.58,2895.66,40.80
2025-12-25T23:47:09.694679,ETHUSDT,2895.65,34.68,2895.66,22.86
2025-12-25T23:47:09.704815,ETHUSDT,2895.65,34.55,2895.66,20.90
2025-12-25T23:47:09.754865,ETHUSDT,2895.65,34.55,2895.66,13.55
2025-12-25T23:47:09.805789,ETHUSDT,2895.65,34.55,2895.66,33.87
2025-12-25T23:47:09.825332,ETHUSDT,2895.65,36.21,2895.66,33.87
2025-12-25T23:47:09.844699,ETHUSDT,2895.65,36.21,2895.66,29.02
2025-12-25T23:47:09.864710,ETHUSDT,2895.65,36.21,2895.66,33.87
2025-12-25T23:47:09.895676,ETHUSDT,2895.65,36.21,2895.66,29.02
2025-12-25T23:47:09.904773,ETHUSDT,2895.65,36.21,2895.66,29.04
2025-12-25T23:47:09.914804,ETHUSDT,2895.65,36.21,2895.66,33.89
2025-12-25T23:47:09.985186,ETHUSDT,2895.65,36.34,2895.66,33.89
2025-12-25T23:47:10.055911,ETHUSDT,2895.65,36.34,2895.66,24.56
2025-12-25T23:47:10.065153,ETHUSDT,2895.65,36.21,2895.66,24.50
2025-12-25T23:47:10.075369,ETHUSDT,2895.65,37.84,2895.66,24.51
2025-12-25T23:47:10.084679,ETHUSDT,2895.65,37.90,2895.66,24.51
2025-12-25T23:47:10.097382,ETHUSDT,2895.65,38.41,2895.66,24.51
2025-12-25T23:47:10.118250,ETHUSDT,2895.65,38.55,2895.66,24.46
2025-12-25T23:47:10.145410,ETHUSDT,2895.65,38.82,2895.66,24.46
2025-12-25T23:47:10.165640,ETHUSDT,2895.65,2.89,2895.66,30.52
2025-12-25T23:47:10.185420,ETHUSDT,2895.65,14.23,2895.66,31.44
2025-12-25T23:47:10.195570,ETHUSDT,2895.65,9.38,2895.66,30.24
2025-12-25T23:47:10.205169,ETHUSDT,2895.65,9.38,2895.66,30.26
2025-12-25T23:47:10.217995,ETHUSDT,2895.65,9.34,2895.66,30.26
2025-12-25T23:47:10.225446,ETHUSDT,2895.65,14.19,2895.66,30.24
2025-12-25T23:47:10.235188,ETHUSDT,2895.65,9.34,2895.66,30.24
2025-12-25T23:47:10.244562,ETHUSDT,2895.65,9.34,2895.66,32.29
2025-12-25T23:47:10.326212,ETHUSDT,2895.65,9.34,2895.66,16.82
2025-12-25T23:47:10.354897,ETHUSDT,2895.65,18.87,2895.66,17.46
2025-12-25T23:47:10.395529,ETHUSDT,2895.65,14.02,2895.66,17.46
2025-12-25T23:47:10.425325,ETHUSDT,2895.65,14.02,2895.66,17.75
2025-12-25T23:47:10.575163,ETHUSDT,2895.65,20.85,2895.66,17.75
2025-12-25T23:47:10.614792,ETHUSDT,2895.65,20.85,2895.66,17.41
2025-12-25T23:47:10.644763,ETHUSDT,2895.65,16.00,2895.66,18.61
2025-12-25T23:47:10.655613,ETHUSDT,2895.65,2.85,2895.66,18.61
2025-12-25T23:47:10.669434,ETHUSDT,2895.65,2.66,2895.66,18.61
2025-12-25T23:47:10.734831,ETHUSDT,2895.65,9.16,2895.66,18.61
2025-12-25T23:47:10.775114,ETHUSDT,2895.65,2.67,2895.66,18.61
2025-12-25T23:47:10.784613,ETHUSDT,2895.65,8.65,2895.66,18.61
2025-12-25T23:47:10.824736,ETHUSDT,2895.61,0.57,2895.62,8.21
2025-12-25T23:47:10.836704,ETHUSDT,2895.61,0.56,2895.62,33.38
2025-12-25T23:47:10.917439,ETHUSDT,2895.61,0.56,2895.62,33.72
2025-12-25T23:47:10.924604,ETHUSDT,2895.61,0.51,2895.62,33.72
2025-12-25T23:47:10.935643,ETHUSDT,2895.61,0.51,2895.62,39.42
2025-12-25T23:47:10.944709,ETHUSDT,2895.61,8.03,2895.62,39.42
2025-12-25T23:47:10.955698,ETHUSDT,2895.61,8.04,2895.62,39.42
2025-12-25T23:47:10.964854,ETHUSDT,2895.61,8.04,2895.62,38.04
2025-12-25T23:47:11.025399,ETHUSDT,2895.61,8.04,2895.62,39.56
2025-12-25T23:47:11.034984,ETHUSDT,2895.61,1.55,2895.62,39.56
2025-12-25T23:47:11.065593,ETHUSDT,2895.61,1.55,2895.62,40.45
2025-12-25T23:47:11.085045,ETHUSDT,2895.61,12.89,2895.62,40.45
2025-12-25T23:47:11.104808,ETHUSDT,2895.61,27.38,2895.62,3.87
2025-12-25T23:47:11.118569,ETHUSDT,2895.61,26.47,2895.62,3.04
2025-12-25T23:47:11.124168,ETHUSDT,2895.61,27.29,2895.62,3.04
2025-12-25T23:47:11.134849,ETHUSDT,2895.61,27.34,2895.62,3.04
2025-12-25T23:47:11.144862,ETHUSDT,2895.61,27.34,2895.62,3.38
2025-12-25T23:47:11.164451,ETHUSDT,2895.61,27.34,2895.62,3.26
2025-12-25T23:47:11.182797,ETHUSDT,2895.61,32.52,2895.62,3.26
2025-12-25T23:47:11.184107,ETHUSDT,2895.61,32.52,2895.62,2.92
2025-12-25T23:47:11.193731,ETHUSDT,2895.61,32.60,2895.62,2.40
2025-12-25T23:47:11.204404,ETHUSDT,2895.64,144.24,2895.65,13.32
2025-12-25T23:47:11.217606,ETHUSDT,2895.64,128.16,2895.65,13.32
2025-12-25T23:47:11.225108,ETHUSDT,2895.64,121.60,2895.65,13.32
2025-12-25T23:47:11.234545,ETHUSDT,2895.64,124.75,2895.65,13.32
2025-12-25T23:47:11.244721,ETHUSDT,2895.64,99.57,2895.65,13.32
2025-12-25T23:47:11.254890,ETHUSDT,2895.64,97.10,2895.65,13.32
2025-12-25T23:47:11.264388,ETHUSDT,2895.64,79.60,2895.65,20.23
2025-12-25T23:47:11.274900,ETHUSDT,2895.64,64.58,2895.65,20.23
2025-12-25T23:47:11.284507,ETHUSDT,2895.64,64.62,2895.65,20.23
2025-12-25T23:47:11.304154,ETHUSDT,2895.64,64.62,2895.65,15.38
2025-12-25T23:47:11.324337,ETHUSDT,2895.64,65.65,2895.65,20.23
2025-12-25T23:47:11.355098,ETHUSDT,2895.64,65.72,2895.65,20.57
2025-12-25T23:47:11.374452,ETHUSDT,2895.64,65.45,2895.65,15.72
2025-12-25T23:47:11.387840,ETHUSDT,2895.64,65.41,2895.65,15.72
2025-12-25T23:47:11.426362,ETHUSDT,2895.64,65.41,2895.65,15.84
2025-12-25T23:47:11.577060,ETHUSDT,2895.64,65.68,2895.65,15.84
2025-12-25T23:47:11.591027,ETHUSDT,2895.64,66.19,2895.65,15.84
2025-12-25T23:47:11.636281,ETHUSDT,2895.64,66.27,2895.65,15.84
2025-12-25T23:47:11.667727,ETHUSDT,2895.64,66.27,2895.65,15.52
2025-12-25T23:47:11.727062,ETHUSDT,2895.64,43.52,2895.65,15.52
2025-12-25T23:47:11.745617,ETHUSDT,2895.64,2.46,2895.65,22.02
2025-12-25T23:47:11.754696,ETHUSDT,2895.64,15.05,2895.65,20.84
2025-12-25T23:47:11.767344,ETHUSDT,2895.64,17.49,2895.65,20.85
2025-12-25T23:47:11.786084,ETHUSDT,2895.64,11.21,2895.65,20.85
2025-12-25T23:47:11.804567,ETHUSDT,2895.64,16.06,2895.65,20.85
2025-12-25T23:47:11.845468,ETHUSDT,2895.64,15.91,2895.65,20.85
2025-12-25T23:47:11.854889,ETHUSDT,2895.64,15.99,2895.65,20.85
2025-12-25T23:47:11.905163,ETHUSDT,2895.64,15.99,2895.65,20.80
2025-12-25T23:47:11.924721,ETHUSDT,2895.64,16.87,2895.65,20.35
2025-12-25T23:47:11.964819,ETHUSDT,2895.64,17.87,2895.65,20.35
2025-12-25T23:47:11.974998,ETHUSDT,2895.64,17.87,2895.65,15.50
2025-12-25T23:47:11.995566,ETHUSDT,2895.64,21.32,2895.65,15.50
2025-12-25T23:47:12.004266,ETHUSDT,2895.64,22.44,2895.65,15.48
2025-12-25T23:47:12.044716,ETHUSDT,2895.64,22.77,2895.65,15.48
2025-12-25T23:47:12.064972,ETHUSDT,2895.64,22.83,2895.65,15.48
2025-12-25T23:47:12.096882,ETHUSDT,2895.64,22.83,2895.65,15.14
2025-12-25T23:47:12.125256,ETHUSDT,2895.64,23.61,2895.65,15.14
2025-12-25T23:47:12.245079,ETHUSDT,2895.64,24.35,2895.65,15.14
2025-12-25T23:47:12.255100,ETHUSDT,2895.64,23.80,2895.65,15.14
2025-12-25T23:47:12.284031,ETHUSDT,2895.64,23.74,2895.65,15.14
2025-12-25T23:47:12.294403,ETHUSDT,2895.64,23.74,2895.65,14.27
2025-12-25T23:47:12.617320,ETHUSDT,2895.64,23.61,2895.65,14.21
2025-12-25T23:47:12.618020,ETHUSDT,2895.64,43.88,2895.65,4.41
2025-12-25T23:47:12.618622,ETHUSDT,2895.64,44.23,2895.65,4.41
2025-12-25T23:47:12.624444,ETHUSDT,2895.65,12.19,2895.66,2.06
2025-12-25T23:47:12.635032,ETHUSDT,2895.80,100.85,2895.81,0.02
2025-12-25T23:47:12.662541,ETHUSDT,2895.80,158.20,2895.81,0.03
2025-12-25T23:47:12.666322,ETHUSDT,2895.80,158.33,2895.81,0.03
2025-12-25T23:47:12.674809,ETHUSDT,2895.80,161.98,2895.81,0.03
2025-12-25T23:47:12.684725,ETHUSDT,2895.99,18.55,2896.00,0.03
2025-12-25T23:47:12.695088,ETHUSDT,2896.15,118.10,2896.16,0.01
2025-12-25T23:47:12.704501,ETHUSDT,2896.19,4.84,2896.20,0.04
2025-12-25T23:47:12.721583,ETHUSDT,2896.19,106.65,2896.20,0.78
2025-12-25T23:47:12.723283,ETHUSDT,2896.19,106.65,2896.20,7.27
2025-12-25T23:47:12.737456,ETHUSDT,2896.19,103.39,2896.20,12.13
2025-12-25T23:47:12.762310,ETHUSDT,2896.19,102.03,2896.20,12.13
2025-12-25T23:47:12.775820,ETHUSDT,2896.19,96.33,2896.20,12.27
2025-12-25T23:47:12.784623,ETHUSDT,2896.19,97.73,2896.20,12.27
2025-12-25T23:47:12.794457,ETHUSDT,2896.19,97.73,2896.20,7.42
2025-12-25T23:47:12.825552,ETHUSDT,2896.19,98.76,2896.20,12.27
2025-12-25T23:47:12.844765,ETHUSDT,2896.19,98.76,2896.20,12.47
2025-12-25T23:47:12.854749,ETHUSDT,2896.19,98.76,2896.20,0.38
2025-12-25T23:47:12.864304,ETHUSDT,2896.19,98.81,2896.20,1.13
2025-12-25T23:47:12.884889,ETHUSDT,2896.19,98.81,2896.20,7.62
2025-12-25T23:47:12.894781,ETHUSDT,2896.19,95.62,2896.20,12.47
2025-12-25T23:47:12.904630,ETHUSDT,2896.19,96.13,2896.20,15.98
2025-12-25T23:47:12.934806,ETHUSDT,2896.19,69.80,2896.20,15.65
2025-12-25T23:47:12.964523,ETHUSDT,2896.19,56.87,2896.20,15.65
2025-12-25T23:47:12.974851,ETHUSDT,2896.19,50.24,2896.20,15.65
2025-12-25T23:47:12.984793,ETHUSDT,2896.19,42.50,2896.20,15.65
2025-12-25T23:47:13.005170,ETHUSDT,2896.19,37.82,2896.20,15.98
2025-12-25T23:47:13.055262,ETHUSDT,2896.19,37.82,2896.20,15.95
2025-12-25T23:47:13.095891,ETHUSDT,2896.19,37.82,2896.20,16.02
2025-12-25T23:47:13.167264,ETHUSDT,2896.19,37.78,2896.20,16.02
2025-12-25T23:47:13.217803,ETHUSDT,2896.19,37.78,2896.20,11.17
2025-12-25T23:47:13.235803,ETHUSDT,2896.19,37.78,2896.20,16.02
2025-12-25T23:47:13.365205,ETHUSDT,2896.19,37.78,2896.20,15.27
2025-12-25T23:47:13.374853,ETHUSDT,2896.19,37.28,2896.20,15.27
2025-12-25T23:47:13.384412,ETHUSDT,2896.19,45.10,2896.20,6.91
2025-12-25T23:47:13.394339,ETHUSDT,2896.19,45.10,2896.20,0.42
2025-12-25T23:47:13.434591,ETHUSDT,2896.19,45.10,2896.20,0.25
2025-12-25T23:47:13.444286,ETHUSDT,2896.19,45.10,2896.20,11.60
2025-12-25T23:47:13.454881,ETHUSDT,2896.37,24.20,2896.38,0.01
2025-12-25T23:47:13.464252,ETHUSDT,2896.37,36.11,2896.38,10.99
2025-12-25T23:47:13.474852,ETHUSDT,2896.37,36.08,2896.38,20.67
2025-12-25T23:47:13.484656,ETHUSDT,2896.37,30.75,2896.38,20.67
2025-12-25T23:47:13.520369,ETHUSDT,2896.37,32.15,2896.38,16.25
2025-12-25T23:47:13.564995,ETHUSDT,2896.37,32.15,2896.38,10.99
2025-12-25T23:47:13.574693,ETHUSDT,2896.37,32.15,2896.38,10.65
2025-12-25T23:47:13.604939,ETHUSDT,2896.37,33.18,2896.38,10.99
2025-12-25T23:47:13.663875,ETHUSDT,2896.37,16.55,2896.38,16.34
2025-12-25T23:47:13.674841,ETHUSDT,2896.37,16.55,2896.38,15.65
2025-12-25T23:47:13.684267,ETHUSDT,2896.37,17.44,2896.38,10.30
2025-12-25T23:47:13.694380,ETHUSDT,2896.37,12.59,2896.38,10.90
2025-12-25T23:47:13.704106,ETHUSDT,2896.37,3.48,2896.38,23.19
2025-12-25T23:47:13.714641,ETHUSDT,2896.37,3.48,2896.38,24.47
2025-12-25T23:47:13.724392,ETHUSDT,2896.37,3.48,2896.38,24.15
2025-12-25T23:47:13.743161,ETHUSDT,2896.37,3.48,2896.38,18.30
2025-12-25T23:47:13.748783,ETHUSDT,2896.37,3.48,2896.38,16.80
2025-12-25T23:47:13.754326,ETHUSDT,2896.37,3.48,2896.38,16.72
2025-12-25T23:47:13.774549,ETHUSDT,2896.37,3.48,2896.38,16.96
2025-12-25T23:47:13.865215,ETHUSDT,2896.37,9.97,2896.38,12.54
2025-12-25T23:47:13.875444,ETHUSDT,2896.37,14.82,2896.38,10.63
2025-12-25T23:47:13.895608,ETHUSDT,2896.37,10.94,2896.38,10.63
2025-12-25T23:47:13.925403,ETHUSDT,2896.37,10.94,2896.38,10.66
2025-12-25T23:47:13.934728,ETHUSDT,2896.37,19.24,2896.38,10.66
2025-12-25T23:47:13.956456,ETHUSDT,2896.37,19.24,2896.38,11.08
2025-12-25T23:47:13.957284,ETHUSDT,2896.37,14.39,2896.38,11.08
2025-12-25T23:47:13.964229,ETHUSDT,2896.37,19.24,2896.38,11.05
2025-12-25T23:47:13.974102,ETHUSDT,2896.37,22.27,2896.38,7.56
2025-12-25T23:47:13.984402,ETHUSDT,2896.37,22.27,2896.38,7.58
2025-12-25T23:47:14.004428,ETHUSDT,2896.37,22.27,2896.38,7.56
2025-12-25T23:47:14.054939,ETHUSDT,2896.37,17.42,2896.38,17.83
2025-12-25T23:47:14.084912,ETHUSDT,2896.37,17.42,2896.38,17.86
2025-12-25T23:47:14.095508,ETHUSDT,2896.37,17.42,2896.38,17.98
2025-12-25T23:47:14.224692,ETHUSDT,2896.37,17.42,2896.38,17.60
2025-12-25T23:47:14.236139,ETHUSDT,2896.37,17.42,2896.38,15.61
2025-12-25T23:47:14.265638,ETHUSDT,2896.37,17.42,2896.38,17.44
2025-12-25T23:47:14.274191,ETHUSDT,2896.37,17.42,2896.38,19.13
2025-12-25T23:47:14.294745,ETHUSDT,2896.37,17.42,2896.38,19.46
2025-12-25T23:47:14.315112,ETHUSDT,2896.37,17.42,2896.38,19.22
2025-12-25T23:47:14.334915,ETHUSDT,2896.37,22.27,2896.38,19.22
2025-12-25T23:47:14.344291,ETHUSDT,2896.37,22.32,2896.38,19.22
2025-12-25T23:47:14.404332,ETHUSDT,2896.37,17.47,2896.38,19.22
2025-12-25T23:47:14.505886,ETHUSDT,2896.37,22.32,2896.38,19.22
2025-12-25T23:47:14.560600,ETHUSDT,2896.37,22.32,2896.38,14.54
2025-12-25T23:47:14.644488,ETHUSDT,2896.37,22.32,2896.38,2.52
2025-12-25T23:47:14.675149,ETHUSDT,2896.37,22.32,2896.38,2.18
2025-12-25T23:47:14.684792,ETHUSDT,2896.37,23.44,2896.38,2.15
2025-12-25T23:47:14.705566,ETHUSDT,2896.37,26.89,2896.38,2.15
2025-12-25T23:47:14.725026,ETHUSDT,2896.37,26.89,2896.38,3.77
2025-12-25T23:47:14.765483,ETHUSDT,2896.37,27.40,2896.38,3.77
2025-12-25T23:47:14.795442,ETHUSDT,2896.37,27.70,2896.38,3.77
2025-12-25T23:47:14.825166,ETHUSDT,2896.37,27.97,2896.38,3.77
2025-12-25T23:47:14.834448,ETHUSDT,2896.37,27.97,2896.38,3.71
2025-12-25T23:47:14.916245,ETHUSDT,2896.37,27.97,2896.38,3.69
2025-12-25T23:47:15.045029,ETHUSDT,2896.37,27.97,2896.38,3.22
2025-12-25T23:47:15.055868,ETHUSDT,2896.37,27.97,2896.38,3.23
2025-12-25T23:47:15.194680,ETHUSDT,2896.37,24.52,2896.38,2.95
2025-12-25T23:47:15.204863,ETHUSDT,2896.37,27.97,2896.38,2.95
2025-12-25T23:47:15.255959,ETHUSDT,2896.37,26.85,2896.38,14.13
2025-12-25T23:47:15.264597,ETHUSDT,2896.37,26.07,2896.38,14.13
2025-12-25T23:47:15.285483,ETHUSDT,2896.37,26.07,2896.38,7.64
2025-12-25T23:47:15.294719,ETHUSDT,2896.37,22.62,2896.38,7.64
2025-12-25T23:47:15.344639,ETHUSDT,2896.37,22.62,2896.38,2.96
2025-12-25T23:47:15.381775,ETHUSDT,2896.37,22.67,2896.38,2.96
2025-12-25T23:47:15.415399,ETHUSDT,2896.37,22.67,2896.38,1.96
2025-12-25T23:47:15.455049,ETHUSDT,2896.37,23.45,2896.38,1.96
2025-12-25T23:47:15.725332,ETHUSDT,2896.37,36.83,2896.38,2.71
2025-12-25T23:47:15.735229,ETHUSDT,2896.37,36.05,2896.38,1.96
2025-12-25T23:47:15.824797,ETHUSDT,2896.37,36.18,2896.38,1.96
2025-12-25T23:47:15.995675,ETHUSDT,2896.58,3.27,2896.60,0.01
2025-12-25T23:47:16.004869,ETHUSDT,2896.58,46.28,2896.59,6.58
2025-12-25T23:47:16.020234,ETHUSDT,2896.58,47.18,2896.59,5.66
2025-12-25T23:47:16.034919,ETHUSDT,2896.58,47.18,2896.59,10.35
2025-12-25T23:47:16.043991,ETHUSDT,2896.58,47.18,2896.59,5.67
2025-12-25T23:47:16.055562,ETHUSDT,2896.58,47.31,2896.59,5.67
2025-12-25T23:47:16.084938,ETHUSDT,2896.58,50.76,2896.59,11.26
2025-12-25T23:47:16.104825,ETHUSDT,2896.58,44.28,2896.59,11.26
2025-12-25T23:47:16.125077,ETHUSDT,2896.58,44.28,2896.59,15.87
2025-12-25T23:47:16.135265,ETHUSDT,2896.58,39.60,2896.59,16.20
2025-12-25T23:47:16.144633,ETHUSDT,2896.58,32.71,2896.59,17.35
2025-12-25T23:47:16.154504,ETHUSDT,2896.58,14.63,2896.59,17.35
2025-12-25T23:47:16.164967,ETHUSDT,2896.58,2.36,2896.59,18.55
2025-12-25T23:47:16.174807,ETHUSDT,2896.58,2.23,2896.59,18.55
2025-12-25T23:47:16.184823,ETHUSDT,2896.44,0.08,2896.45,5.25
2025-12-25T23:47:16.198532,ETHUSDT,2896.40,0.01,2896.41,19.98
2025-12-25T23:47:16.204205,ETHUSDT,2896.40,0.01,2896.41,46.05
2025-12-25T23:47:16.219620,ETHUSDT,2896.40,0.01,2896.41,46.07
2025-12-25T23:47:16.224359,ETHUSDT,2896.40,0.01,2896.41,46.15
2025-12-25T23:47:16.235849,ETHUSDT,2896.23,0.35,2896.24,54.57
2025-12-25T23:47:16.244122,ETHUSDT,2896.23,7.35,2896.24,75.30
2025-12-25T23:47:16.254345,ETHUSDT,2896.23,6.42,2896.24,75.30
2025-12-25T23:47:16.264241,ETHUSDT,2896.23,6.42,2896.24,76.80
2025-12-25T23:47:16.274963,ETHUSDT,2896.23,6.42,2896.24,76.72
2025-12-25T23:47:16.295063,ETHUSDT,2896.23,7.82,2896.24,76.72
2025-12-25T23:47:16.304525,ETHUSDT,2896.23,12.68,2896.24,76.72
2025-12-25T23:47:16.319987,ETHUSDT,2896.23,7.83,2896.24,76.72
2025-12-25T23:47:16.344161,ETHUSDT,2896.23,7.85,2896.24,77.05
2025-12-25T23:47:16.425253,ETHUSDT,2896.23,7.85,2896.24,62.21
2025-12-25T23:47:16.454886,ETHUSDT,2896.23,7.98,2896.24,62.21
2025-12-25T23:47:16.464744,ETHUSDT,2896.23,7.98,2896.24,62.18
2025-12-25T23:47:16.474782,ETHUSDT,2896.23,12.83,2896.24,50.53
2025-12-25T23:47:16.484408,ETHUSDT,2896.23,12.83,2896.24,38.81
2025-12-25T23:47:16.494322,ETHUSDT,2896.23,19.06,2896.24,26.35
2025-12-25T23:47:16.555487,ETHUSDT,2896.23,14.21,2896.24,26.35
2025-12-25T23:47:16.574907,ETHUSDT,2896.23,14.21,2896.24,26.11
2025-12-25T23:47:16.584244,ETHUSDT,2896.23,19.06,2896.24,26.13
2025-12-25T23:47:16.624841,ETHUSDT,2896.23,14.21,2896.24,26.13
2025-12-25T23:47:16.656284,ETHUSDT,2896.23,11.31,2896.24,26.13
2025-12-25T23:47:16.697230,ETHUSDT,2896.23,16.16,2896.24,26.13
2025-12-25T23:47:16.738243,ETHUSDT,2896.23,15.91,2896.24,26.13
2025-12-25T23:47:16.835038,ETHUSDT,2896.23,11.06,2896.24,26.13
2025-12-25T23:47:16.874413,ETHUSDT,2896.23,15.91,2896.24,26.13
2025-12-25T23:47:16.884216,ETHUSDT,2896.23,8.63,2896.24,26.13
2025-12-25T23:47:16.954704,ETHUSDT,2896.23,13.48,2896.24,26.13
2025-12-25T23:47:16.984318,ETHUSDT,2896.23,13.48,2896.24,19.13
2025-12-25T23:47:17.024746,ETHUSDT,2896.23,13.48,2896.24,19.11
2025-12-25T23:47:17.055414,ETHUSDT,2896.23,15.41,2896.24,19.11
2025-12-25T23:47:17.064315,ETHUSDT,2896.23,17.24,2896.24,19.11
2025-12-25T23:47:17.136172,ETHUSDT,2896.23,17.24,2896.24,18.23
2025-12-25T23:47:17.164687,ETHUSDT,2896.23,17.20,2896.24,18.25
2025-12-25T23:47:17.224212,ETHUSDT,2896.23,17.20,2896.24,19.25
2025-12-25T23:47:17.384364,ETHUSDT,2896.23,17.20,2896.24,1.30
2025-12-25T23:47:17.404659,ETHUSDT,2896.23,18.40,2896.24,1.31
2025-12-25T23:47:17.427582,ETHUSDT,2896.23,18.40,2896.24,1.29
2025-12-25T23:47:17.464493,ETHUSDT,2896.23,18.40,2896.24,3.68
2025-12-25T23:47:17.504455,ETHUSDT,2896.23,18.40,2896.24,3.63
2025-12-25T23:47:17.554856,ETHUSDT,2896.23,18.40,2896.24,3.61
2025-12-25T23:47:17.563988,ETHUSDT,2896.23,18.40,2896.24,3.21
2025-12-25T23:47:17.583958,ETHUSDT,2896.23,21.85,2896.24,3.26
2025-12-25T23:47:17.634502,ETHUSDT,2896.23,21.85,2896.24,3.10
2025-12-25T23:47:17.655084,ETHUSDT,2896.23,21.85,2896.24,3.18
2025-12-25T23:47:17.664718,ETHUSDT,2896.23,21.85,2896.24,2.44
2025-12-25T23:47:17.676184,ETHUSDT,2896.23,22.63,2896.24,2.44
2025-12-25T23:47:17.724741,ETHUSDT,2896.23,22.63,2896.24,2.59
2025-12-25T23:47:17.764661,ETHUSDT,2896.23,23.61,2896.24,2.59
2025-12-25T23:47:17.815953,ETHUSDT,2896.23,23.58,2896.24,2.59
2025-12-25T23:47:17.854901,ETHUSDT,2896.23,23.31,2896.24,2.59
2025-12-25T23:47:17.864405,ETHUSDT,2896.23,22.80,2896.24,2.59
2025-12-25T23:47:17.974296,ETHUSDT,2896.23,22.80,2896.24,1.21
2025-12-25T23:47:18.024683,ETHUSDT,2896.23,22.80,2896.24,7.30
2025-12-25T23:47:18.034411,ETHUSDT,2896.23,21.82,2896.24,7.31
2025-12-25T23:47:18.096096,ETHUSDT,2896.23,21.82,2896.24,7.40
2025-12-25T23:47:18.195153,ETHUSDT,2896.23,21.82,2896.24,12.06
2025-12-25T23:47:18.204274,ETHUSDT,2896.23,17.17,2896.24,12.16
2025-12-25T23:47:18.214325,ETHUSDT,2896.23,13.41,2896.24,17.21
2025-12-25T23:47:18.225178,ETHUSDT,2896.23,13.41,2896.24,20.77
2025-12-25T23:47:18.325180,ETHUSDT,2896.23,13.44,2896.24,20.52
2025-12-25T23:47:18.349041,ETHUSDT,2896.23,13.47,2896.24,20.52
2025-12-25T23:47:18.375413,ETHUSDT,2896.23,13.60,2896.24,20.52
2025-12-25T23:47:18.424756,ETHUSDT,2896.23,13.60,2896.24,16.96
2025-12-25T23:47:18.475827,ETHUSDT,2896.23,13.60,2896.24,17.74
2025-12-25T23:47:18.544932,ETHUSDT,2896.23,13.54,2896.24,17.74
2025-12-25T23:47:18.593820,ETHUSDT,2896.23,8.69,2896.24,24.42
2025-12-25T23:47:18.604107,ETHUSDT,2896.23,8.69,2896.24,33.75
2025-12-25T23:47:18.614641,ETHUSDT,2896.23,6.24,2896.24,69.77
2025-12-25T23:47:18.623911,ETHUSDT,2896.08,0.01,2896.09,5.59
2025-12-25T23:47:18.634462,ETHUSDT,2896.07,0.02,2896.08,46.30
2025-12-25T23:47:18.644164,ETHUSDT,2896.01,0.34,2896.02,2.66
2025-12-25T23:47:18.656534,ETHUSDT,2895.90,14.60,2895.91,31.50
2025-12-25T23:47:18.664325,ETHUSDT,2895.90,17.82,2895.91,23.36
2025-12-25T23:47:18.674947,ETHUSDT,2895.90,19.70,2895.91,23.36
2025-12-25T23:47:18.684066,ETHUSDT,2895.90,19.70,2895.91,14.37
2025-12-25T23:47:18.694885,ETHUSDT,2895.90,24.87,2895.91,13.03
2025-12-25T23:47:18.724555,ETHUSDT,2895.90,26.59,2895.91,13.03
2025-12-25T23:47:18.734107,ETHUSDT,2895.90,27.99,2895.91,13.03
2025-12-25T23:47:18.744704,ETHUSDT,2895.90,28.33,2895.91,13.36
2025-12-25T23:47:18.764681,ETHUSDT,2895.90,28.33,2895.91,13.38
2025-12-25T23:47:18.784459,ETHUSDT,2895.90,29.52,2895.91,13.38
2025-12-25T23:47:18.825048,ETHUSDT,2895.90,29.20,2895.91,13.38
2025-12-25T23:47:18.844027,ETHUSDT,2895.90,29.23,2895.91,13.38
2025-12-25T23:47:18.854167,ETHUSDT,2895.90,28.20,2895.91,13.38
2025-12-25T23:47:18.904450,ETHUSDT,2895.90,27.60,2895.91,13.38
2025-12-25T23:47:18.944177,ETHUSDT,2895.90,27.68,2895.91,13.38
2025-12-25T23:47:18.985276,ETHUSDT,2895.90,27.71,2895.91,13.38
2025-12-25T23:47:18.994675,ETHUSDT,2895.90,10.65,2895.91,41.56
2025-12-25T23:47:19.004238,ETHUSDT,2895.75,0.01,2895.90,0.88
2025-12-25T23:47:19.014532,ETHUSDT,2895.69,0.02,2895.70,21.75
2025-12-25T23:47:19.024036,ETHUSDT,2895.69,0.03,2895.70,29.03
2025-12-25T23:47:19.034617,ETHUSDT,2895.69,1.04,2895.70,29.06
2025-12-25T23:47:19.044389,ETHUSDT,2895.69,1.04,2895.70,29.10
2025-12-25T23:47:19.067053,ETHUSDT,2895.69,5.89,2895.70,27.30
2025-12-25T23:47:19.074293,ETHUSDT,2895.69,9.34,2895.70,25.14
2025-12-25T23:47:19.083930,ETHUSDT,2895.69,16.60,2895.70,23.58
2025-12-25T23:47:19.094752,ETHUSDT,2895.69,15.60,2895.70,23.91
2025-12-25T23:47:19.104825,ETHUSDT,2895.69,16.22,2895.70,23.91
2025-12-25T23:47:19.135529,ETHUSDT,2895.69,16.22,2895.70,14.48
2025-12-25T23:47:19.156506,ETHUSDT,2895.69,17.25,2895.70,14.48
2025-12-25T23:47:19.223217,ETHUSDT,2895.69,19.67,2895.70,14.48
2025-12-25T23:47:19.233888,ETHUSDT,2895.69,21.30,2895.70,14.31
2025-12-25T23:47:19.245109,ETHUSDT,2895.69,21.36,2895.70,14.31
2025-12-25T23:47:19.254023,ETHUSDT,2895.69,21.36,2895.70,1.73
2025-12-25T23:47:19.283692,ETHUSDT,2895.69,21.36,2895.70,1.70
2025-12-25T23:47:19.294025,ETHUSDT,2895.69,21.36,2895.70,1.36
2025-12-25T23:47:19.303726,ETHUSDT,2895.69,22.14,2895.70,1.36
2025-12-25T23:47:19.324500,ETHUSDT,2895.69,22.17,2895.70,1.36
2025-12-25T23:47:19.345805,ETHUSDT,2895.69,22.17,2895.70,1.70
2025-12-25T23:47:19.354274,ETHUSDT,2895.69,22.17,2895.70,6.95
2025-12-25T23:47:19.374899,ETHUSDT,2895.69,22.31,2895.70,6.95
2025-12-25T23:47:19.383845,ETHUSDT,2895.69,22.34,2895.70,6.95
2025-12-25T23:47:19.394724,ETHUSDT,2895.69,22.34,2895.70,14.28
2025-12-25T23:47:19.404240,ETHUSDT,2895.69,22.38,2895.70,14.28
2025-12-25T23:47:19.415850,ETHUSDT,2895.69,22.42,2895.70,14.28
2025-12-25T23:47:19.425051,ETHUSDT,2895.69,22.42,2895.70,14.30
2025-12-25T23:47:19.484244,ETHUSDT,2895.69,22.38,2895.70,14.30
2025-12-25T23:47:19.494746,ETHUSDT,2895.69,22.38,2895.70,15.74
2025-12-25T23:47:19.513177,ETHUSDT,2895.69,22.51,2895.70,15.74
2025-12-25T23:47:19.524012,ETHUSDT,2895.69,22.51,2895.70,2.82
2025-12-25T23:47:19.545500,ETHUSDT,2895.78,137.72,2895.79,8.88
2025-12-25T23:47:19.555100,ETHUSDT,2895.89,40.14,2895.90,0.01
2025-12-25T23:47:19.564105,ETHUSDT,2896.20,2.26,2896.22,0.08
2025-12-25T23:47:19.578089,ETHUSDT,2896.21,20.58,2896.22,27.48
2025-12-25T23:47:19.584041,ETHUSDT,2896.21,13.90,2896.22,27.48
2025-12-25T23:47:19.604130,ETHUSDT,2896.21,0.94,2896.22,27.48
2025-12-25T23:47:19.620434,ETHUSDT,2896.21,0.94,2896.22,27.51
2025-12-25T23:47:19.644042,ETHUSDT,2896.21,4.39,2896.22,28.84
2025-12-25T23:47:19.680521,ETHUSDT,2896.21,3.49,2896.22,28.84
