ts,symbol,best_bid_price,best_bid_size,best_ask_price,best_ask_size
2025-12-25T20:54:14.049752,ETHUSDT,2948.00,8.42,2948.01,68.37
2025-12-25T20:54:14.083249,ETHUSDT,2948.00,8.43,2948.01,68.37
2025-12-25T20:54:14.453823,ETHUSDT,2948.00,12.98,2948.01,64.79
2025-12-25T20:54:14.729620,ETHUSDT,2948.00,14.67,2948.01,64.79
2025-12-25T20:54:15.084701,ETHUSDT,2948.00,14.66,2948.01,64.79
2025-12-25T20:54:15.093108,ETHUSDT,2948.00,14.66,2948.01,64.81
2025-12-25T20:54:15.353816,ETHUSDT,2948.00,14.66,2948.01,66.05
2025-12-25T20:54:15.453172,ETHUSDT,2948.00,14.66,2948.01,64.81
2025-12-25T20:54:15.605446,ETHUSDT,2948.00,14.66,2948.01,66.06
2025-12-25T20:54:15.612657,ETHUSDT,2948.00,14.66,2948.01,66.04
2025-12-25T20:54:15.717917,ETHUSDT,2948.00,14.66,2948.01,64.79
2025-12-25T20:54:15.748278,ETHUSDT,2948.00,14.67,2948.01,64.79
2025-12-25T20:54:16.733601,ETHUSDT,2948.00,12.97,2948.01,64.79
2025-12-25T20:54:16.743781,ETHUSDT,2948.00,14.68,2948.01,64.79
2025-12-25T20:54:17.384172,ETHUSDT,2948.00,14.68,2948.01,66.14
2025-12-25T20:54:17.485395,ETHUSDT,2948.00,14.68,2948.01,64.79
2025-12-25T20:54:17.543345,ETHUSDT,2948.00,14.68,2948.01,63.99
2025-12-25T20:54:17.913911,ETHUSDT,2948.00,14.68,2948.01,58.72
2025-12-25T20:54:18.304667,ETHUSDT,2948.00,14.68,2948.01,60.12
2025-12-25T20:54:18.385987,ETHUSDT,2948.00,14.68,2948.01,58.72
2025-12-25T20:54:18.464052,ETHUSDT,2948.00,14.68,2948.01,60.13
2025-12-25T20:54:18.614004,ETHUSDT,2948.00,14.68,2948.01,58.72
2025-12-25T20:54:18.742704,ETHUSDT,2948.00,14.68,2948.01,60.14
2025-12-25T20:54:18.753340,ETHUSDT,2948.00,12.97,2948.01,60.14
2025-12-25T20:54:18.763498,ETHUSDT,2948.00,14.67,2948.01,60.14
2025-12-25T20:54:18.862910,ETHUSDT,2948.00,14.67,2948.01,58.72
2025-12-25T20:54:18.932976,ETHUSDT,2948.00,1.72,2948.01,58.72
2025-12-25T20:54:19.008352,ETHUSDT,2948.00,1.72,2948.01,60.15
2025-12-25T20:54:19.638171,ETHUSDT,2948.00,1.72,2948.01,58.72
2025-12-25T20:54:19.753439,ETHUSDT,2948.00,1.72,2948.01,58.64
2025-12-25T20:54:19.764431,ETHUSDT,2948.00,1.72,2948.01,60.10
2025-12-25T20:54:20.151188,ETHUSDT,2948.00,1.72,2948.01,58.64
2025-12-25T20:54:20.274229,ETHUSDT,2948.00,5.80,2948.01,58.64
2025-12-25T20:54:20.443668,ETHUSDT,2948.00,5.80,2948.01,60.12
2025-12-25T20:54:20.543476,ETHUSDT,2948.00,5.80,2948.01,58.64
2025-12-25T20:54:20.864714,ETHUSDT,2948.00,5.80,2948.01,60.14
2025-12-25T20:54:21.103656,ETHUSDT,2948.00,5.80,2948.01,58.64
2025-12-25T20:54:21.262927,ETHUSDT,2948.00,5.80,2948.01,60.16
2025-12-25T20:54:21.586036,ETHUSDT,2948.00,5.80,2948.01,58.64
2025-12-25T20:54:21.586772,ETHUSDT,2948.00,5.80,2948.01,60.17
2025-12-25T20:54:21.663064,ETHUSDT,2948.00,5.80,2948.01,58.64
2025-12-25T20:54:21.914211,ETHUSDT,2948.00,5.80,2948.01,60.19
2025-12-25T20:54:22.133419,ETHUSDT,2948.00,5.80,2948.01,58.64
2025-12-25T20:54:22.172769,ETHUSDT,2948.00,5.80,2948.01,58.66
2025-12-25T20:54:22.213879,ETHUSDT,2948.00,5.80,2948.01,60.22
2025-12-25T20:54:22.273865,ETHUSDT,2948.00,8.71,2948.01,60.22
2025-12-25T20:54:22.285059,ETHUSDT,2948.00,13.90,2948.01,59.89
2025-12-25T20:54:22.493490,ETHUSDT,2948.00,13.90,2948.01,58.33
2025-12-25T20:54:22.523334,ETHUSDT,2948.00,5.80,2948.01,59.90
2025-12-25T20:54:22.637294,ETHUSDT,2948.00,5.80,2948.01,58.33
2025-12-25T20:54:22.852877,ETHUSDT,2948.00,5.80,2948.01,58.31
2025-12-25T20:54:23.153107,ETHUSDT,2948.00,5.80,2948.01,58.33
2025-12-25T20:54:23.242681,ETHUSDT,2948.00,5.80,2948.01,59.93
2025-12-25T20:54:23.372370,ETHUSDT,2948.00,5.80,2948.01,59.91
2025-12-25T20:54:23.382900,ETHUSDT,2948.00,5.80,2948.01,58.31
2025-12-25T20:54:23.392760,ETHUSDT,2948.00,5.80,2948.01,59.92
2025-12-25T20:54:23.539469,ETHUSDT,2948.00,5.80,2948.01,58.31
2025-12-25T20:54:23.553099,ETHUSDT,2948.00,5.80,2948.01,58.33
2025-12-25T20:54:23.673051,ETHUSDT,2948.00,5.80,2948.01,59.95
2025-12-25T20:54:23.742908,ETHUSDT,2948.00,13.90,2948.01,59.95
2025-12-25T20:54:23.765933,ETHUSDT,2948.00,13.90,2948.01,58.33
2025-12-25T20:54:23.784831,ETHUSDT,2948.00,12.20,2948.01,59.95
2025-12-25T20:54:23.793268,ETHUSDT,2948.00,13.88,2948.01,59.95
2025-12-25T20:54:23.837059,ETHUSDT,2948.00,13.98,2948.01,59.95
2025-12-25T20:54:23.872634,ETHUSDT,2948.00,13.98,2948.01,58.33
2025-12-25T20:54:23.952927,ETHUSDT,2948.00,13.98,2948.01,58.31
2025-12-25T20:54:24.052762,ETHUSDT,2948.00,13.98,2948.01,58.33
2025-12-25T20:54:24.072535,ETHUSDT,2948.00,13.98,2948.01,59.96
2025-12-25T20:54:24.193219,ETHUSDT,2948.00,13.98,2948.01,58.33
2025-12-25T20:54:24.244335,ETHUSDT,2948.00,13.98,2948.01,59.97
2025-12-25T20:54:24.552893,ETHUSDT,2948.00,13.98,2948.01,58.33
2025-12-25T20:54:24.683040,ETHUSDT,2948.00,13.98,2948.01,58.24
2025-12-25T20:54:24.692358,ETHUSDT,2948.00,13.98,2948.01,59.90
2025-12-25T20:54:24.793718,ETHUSDT,2948.00,13.98,2948.01,58.24
2025-12-25T20:54:24.853084,ETHUSDT,2948.00,13.98,2948.01,59.90
2025-12-25T20:54:24.984116,ETHUSDT,2948.00,13.98,2948.01,58.24
2025-12-25T20:54:25.184520,ETHUSDT,2948.00,13.98,2948.01,59.92
2025-12-25T20:54:25.292893,ETHUSDT,2948.00,13.98,2948.01,58.24
2025-12-25T20:54:25.336315,ETHUSDT,2948.00,13.98,2948.01,59.92
2025-12-25T20:54:25.353694,ETHUSDT,2948.00,13.98,2948.01,59.90
2025-12-25T20:54:25.504052,ETHUSDT,2948.00,13.98,2948.01,58.22
2025-12-25T20:54:25.553976,ETHUSDT,2948.00,13.98,2948.01,58.24
2025-12-25T20:54:25.917379,ETHUSDT,2948.00,13.98,2948.01,58.22
2025-12-25T20:54:26.423280,ETHUSDT,2948.00,13.98,2948.01,59.94
2025-12-25T20:54:26.453032,ETHUSDT,2948.00,13.98,2948.01,59.92
2025-12-25T20:54:26.552904,ETHUSDT,2948.00,13.98,2948.01,59.94
2025-12-25T20:54:26.592761,ETHUSDT,2948.00,13.98,2948.01,58.22
2025-12-25T20:54:26.613260,ETHUSDT,2948.00,13.98,2948.01,59.95
2025-12-25T20:54:26.703994,ETHUSDT,2948.00,13.98,2948.01,58.22
2025-12-25T20:54:27.323784,ETHUSDT,2948.00,13.98,2948.01,59.97
2025-12-25T20:54:27.429206,ETHUSDT,2948.00,13.98,2948.01,58.22
2025-12-25T20:54:27.452466,ETHUSDT,2948.00,13.98,2948.01,58.20
2025-12-25T20:54:27.492374,ETHUSDT,2948.00,11.07,2948.01,59.96
2025-12-25T20:54:27.512463,ETHUSDT,2948.00,13.98,2948.01,59.96
2025-12-25T20:54:27.572215,ETHUSDT,2948.00,13.98,2948.01,58.20
2025-12-25T20:54:27.804081,ETHUSDT,2948.00,13.97,2948.01,58.20
2025-12-25T20:54:28.135156,ETHUSDT,2948.00,8.78,2948.01,58.20
2025-12-25T20:54:28.147795,ETHUSDT,2948.00,5.87,2948.01,59.98
2025-12-25T20:54:28.893676,ETHUSDT,2948.00,5.87,2948.01,58.20
2025-12-25T20:54:28.930385,ETHUSDT,2948.00,5.87,2948.01,60.01
2025-12-25T20:54:29.037179,ETHUSDT,2948.00,5.87,2948.01,58.01
2025-12-25T20:54:29.073102,ETHUSDT,2948.00,5.87,2948.01,58.03
2025-12-25T20:54:29.163090,ETHUSDT,2948.00,5.63,2948.01,58.03
2025-12-25T20:54:29.243389,ETHUSDT,2948.00,13.74,2948.01,58.03
2025-12-25T20:54:29.292714,ETHUSDT,2948.00,13.74,2948.01,56.22
2025-12-25T20:54:29.373244,ETHUSDT,2948.00,13.74,2948.01,58.04
2025-12-25T20:54:29.514900,ETHUSDT,2948.00,13.74,2948.01,56.22
2025-12-25T20:54:29.613866,ETHUSDT,2948.00,13.74,2948.01,56.20
2025-12-25T20:54:29.828545,ETHUSDT,2948.00,12.07,2948.01,56.20
2025-12-25T20:54:29.834580,ETHUSDT,2948.00,13.78,2948.01,56.20
2025-12-25T20:54:29.862013,ETHUSDT,2948.00,13.78,2948.01,58.04
2025-12-25T20:54:29.984748,ETHUSDT,2948.00,13.78,2948.01,56.20
2025-12-25T20:54:30.053708,ETHUSDT,2948.00,14.58,2948.01,56.20
2025-12-25T20:54:30.135029,ETHUSDT,2948.00,14.58,2948.01,58.05
2025-12-25T20:54:30.263476,ETHUSDT,2948.00,14.58,2948.01,56.20
2025-12-25T20:54:30.333164,ETHUSDT,2948.00,14.58,2948.01,56.19
2025-12-25T20:54:30.342620,ETHUSDT,2948.00,18.21,2948.01,54.41
2025-12-25T20:54:30.436454,ETHUSDT,2948.00,18.21,2948.01,52.56
2025-12-25T20:54:30.772950,ETHUSDT,2948.00,17.41,2948.01,54.42
2025-12-25T20:54:30.806251,ETHUSDT,2948.00,17.41,2948.01,52.56
2025-12-25T20:54:30.833130,ETHUSDT,2948.00,15.70,2948.01,52.56
2025-12-25T20:54:30.842531,ETHUSDT,2948.00,17.34,2948.01,52.56
2025-12-25T20:54:30.892832,ETHUSDT,2948.00,17.34,2948.01,54.43
2025-12-25T20:54:31.063447,ETHUSDT,2948.00,17.34,2948.01,52.56
2025-12-25T20:54:31.622982,ETHUSDT,2948.00,17.34,2948.01,54.44
2025-12-25T20:54:31.672894,ETHUSDT,2948.00,17.34,2948.01,52.56
2025-12-25T20:54:31.723597,ETHUSDT,2948.00,17.34,2948.01,52.66
2025-12-25T20:54:31.782823,ETHUSDT,2948.00,18.14,2948.01,41.84
2025-12-25T20:54:31.793596,ETHUSDT,2948.00,18.14,2948.01,44.75
2025-12-25T20:54:31.882893,ETHUSDT,2948.00,18.72,2948.01,44.75
2025-12-25T20:54:31.926274,ETHUSDT,2948.00,18.14,2948.01,44.75
2025-12-25T20:54:31.992806,ETHUSDT,2948.00,18.14,2948.01,42.86
2025-12-25T20:54:32.026561,ETHUSDT,2948.00,18.14,2948.01,42.76
2025-12-25T20:54:32.032962,ETHUSDT,2948.00,18.14,2948.01,44.65
2025-12-25T20:54:32.132543,ETHUSDT,2948.00,18.14,2948.01,42.76
2025-12-25T20:54:32.173913,ETHUSDT,2948.00,18.14,2948.01,44.66
2025-12-25T20:54:32.284530,ETHUSDT,2948.00,18.14,2948.01,42.76
2025-12-25T20:54:32.384545,ETHUSDT,2948.00,18.14,2948.01,42.74
2025-12-25T20:54:33.361010,ETHUSDT,2948.00,18.14,2948.01,44.65
2025-12-25T20:54:33.361350,ETHUSDT,2948.00,18.14,2948.01,42.74
2025-12-25T20:54:33.707695,ETHUSDT,2948.00,22.69,2948.01,42.74
2025-12-25T20:54:33.745680,ETHUSDT,2948.00,22.69,2948.01,44.66
2025-12-25T20:54:33.747525,ETHUSDT,2948.00,22.69,2948.01,41.90
2025-12-25T20:54:33.812248,ETHUSDT,2948.00,22.69,2948.01,39.98
2025-12-25T20:54:33.853315,ETHUSDT,2948.00,22.69,2948.01,28.24
2025-12-25T20:54:33.932750,ETHUSDT,2948.00,23.26,2948.01,30.16
2025-12-25T20:54:33.952775,ETHUSDT,2948.00,24.41,2948.01,5.88
2025-12-25T20:54:33.962557,ETHUSDT,2948.00,24.41,2948.01,0.24
2025-12-25T20:54:33.978399,ETHUSDT,2948.06,2.54,2948.07,37.88
2025-12-25T20:54:33.983043,ETHUSDT,2948.06,103.43,2948.07,39.65
2025-12-25T20:54:33.992217,ETHUSDT,2948.06,103.43,2948.07,37.74
2025-12-25T20:54:34.052651,ETHUSDT,2948.06,101.41,2948.07,37.74
2025-12-25T20:54:34.153616,ETHUSDT,2948.06,99.39,2948.07,37.76
2025-12-25T20:54:34.253506,ETHUSDT,2948.06,99.39,2948.07,37.74
2025-12-25T20:54:34.373340,ETHUSDT,2948.06,99.49,2948.07,37.74
2025-12-25T20:54:34.883464,ETHUSDT,2948.06,101.13,2948.07,37.74
2025-12-25T20:54:35.073059,ETHUSDT,2948.06,101.13,2948.07,42.98
2025-12-25T20:54:35.614512,ETHUSDT,2948.06,101.28,2948.07,42.98
2025-12-25T20:54:35.873335,ETHUSDT,2948.06,99.64,2948.07,42.98
2025-12-25T20:54:35.884446,ETHUSDT,2948.06,101.22,2948.07,42.98
2025-12-25T20:54:36.085825,ETHUSDT,2948.06,101.45,2948.07,42.98
2025-12-25T20:54:36.895718,ETHUSDT,2948.06,99.87,2948.07,42.98
2025-12-25T20:54:36.907826,ETHUSDT,2948.06,101.45,2948.07,42.98
2025-12-25T20:54:37.769063,ETHUSDT,2948.06,101.64,2948.07,42.98
2025-12-25T20:54:37.918253,ETHUSDT,2948.06,100.06,2948.07,42.98
2025-12-25T20:54:37.926073,ETHUSDT,2948.06,101.59,2948.07,42.98
2025-12-25T20:54:38.933338,ETHUSDT,2948.06,100.06,2948.07,42.98
2025-12-25T20:54:38.943388,ETHUSDT,2948.06,101.59,2948.07,42.98
2025-12-25T20:54:39.164220,ETHUSDT,2948.06,100.85,2948.07,42.98
2025-12-25T20:54:39.324106,ETHUSDT,2948.06,100.78,2948.07,42.98
2025-12-25T20:54:39.426007,ETHUSDT,2948.06,100.75,2948.07,42.98
2025-12-25T20:54:39.673793,ETHUSDT,2948.06,94.98,2948.07,42.98
2025-12-25T20:54:39.963519,ETHUSDT,2948.06,93.45,2948.07,42.98
2025-12-25T20:54:39.971997,ETHUSDT,2948.06,94.98,2948.07,42.98
2025-12-25T20:54:40.253264,ETHUSDT,2948.06,93.06,2948.07,42.98
2025-12-25T20:54:40.987140,ETHUSDT,2948.06,93.09,2948.07,42.98
2025-12-25T20:54:41.152299,ETHUSDT,2948.06,93.09,2948.07,43.00
2025-12-25T20:54:41.253504,ETHUSDT,2948.06,93.09,2948.07,42.98
2025-12-25T20:54:41.912750,ETHUSDT,2948.06,93.40,2948.07,42.98
2025-12-25T20:54:41.992941,ETHUSDT,2948.06,91.84,2948.07,42.98
2025-12-25T20:54:42.006104,ETHUSDT,2948.06,93.40,2948.07,42.98
2025-12-25T20:54:43.178496,ETHUSDT,2948.06,91.84,2948.07,42.98
2025-12-25T20:54:43.178869,ETHUSDT,2948.06,93.40,2948.07,42.98
2025-12-25T20:54:44.093767,ETHUSDT,2948.06,91.84,2948.07,42.98
2025-12-25T20:54:44.103353,ETHUSDT,2948.06,93.40,2948.07,42.98
2025-12-25T20:54:44.973568,ETHUSDT,2948.06,86.68,2948.07,42.98
2025-12-25T20:54:44.984815,ETHUSDT,2948.06,86.68,2948.07,45.89
2025-12-25T20:54:45.013907,ETHUSDT,2948.06,86.68,2948.07,43.00
2025-12-25T20:54:45.105350,ETHUSDT,2948.06,85.45,2948.07,43.00
2025-12-25T20:54:45.146768,ETHUSDT,2948.06,85.44,2948.07,43.00
2025-12-25T20:54:45.634094,ETHUSDT,2948.06,83.44,2948.07,43.00
2025-12-25T20:54:45.652712,ETHUSDT,2948.06,83.44,2948.07,42.98
2025-12-25T20:54:45.984225,ETHUSDT,2948.06,83.44,2948.07,45.89
2025-12-25T20:54:46.143184,ETHUSDT,2948.06,81.89,2948.07,45.89
2025-12-25T20:54:46.158953,ETHUSDT,2948.06,83.44,2948.07,45.89
2025-12-25T20:54:46.924598,ETHUSDT,2948.06,83.44,2948.07,42.98
2025-12-25T20:54:47.163240,ETHUSDT,2948.06,81.89,2948.07,42.98
2025-12-25T20:54:47.173206,ETHUSDT,2948.06,83.31,2948.07,42.98
2025-12-25T20:54:48.208394,ETHUSDT,2948.06,81.89,2948.07,42.98
2025-12-25T20:54:48.209301,ETHUSDT,2948.06,83.31,2948.07,42.98
2025-12-25T20:54:49.131340,ETHUSDT,2948.06,83.31,2948.07,43.00
2025-12-25T20:54:49.202792,ETHUSDT,2948.06,81.89,2948.07,43.00
2025-12-25T20:54:49.212690,ETHUSDT,2948.06,83.31,2948.07,43.00
2025-12-25T20:54:49.272704,ETHUSDT,2948.06,83.31,2948.07,42.98
2025-12-25T20:54:50.051599,ETHUSDT,2948.06,82.65,2948.07,42.98
2025-12-25T20:54:50.052315,ETHUSDT,2948.06,82.65,2948.07,45.89
2025-12-25T20:54:50.228149,ETHUSDT,2948.06,81.23,2948.07,45.89
2025-12-25T20:54:50.235752,ETHUSDT,2948.06,82.64,2948.07,45.89
2025-12-25T20:54:50.403941,ETHUSDT,2948.06,82.64,2948.07,42.98
2025-12-25T20:54:50.543846,ETHUSDT,2948.06,82.64,2948.07,45.89
2025-12-25T20:54:51.133202,ETHUSDT,2948.06,82.64,2948.07,45.91
2025-12-25T20:54:51.243130,ETHUSDT,2948.06,79.06,2948.07,45.91
2025-12-25T20:54:51.292781,ETHUSDT,2948.06,60.79,2948.07,45.91
2025-12-25T20:54:51.323323,ETHUSDT,2948.06,57.16,2948.07,45.91
2025-12-25T20:54:51.332881,ETHUSDT,2948.06,54.06,2948.07,45.91
2025-12-25T20:54:51.353607,ETHUSDT,2948.06,56.97,2948.07,45.91
2025-12-25T20:54:51.838326,ETHUSDT,2948.06,56.97,2948.07,45.89
2025-12-25T20:54:52.316890,ETHUSDT,2948.06,55.56,2948.07,45.89
2025-12-25T20:54:52.318460,ETHUSDT,2948.06,56.94,2948.07,45.89
2025-12-25T20:54:52.433534,ETHUSDT,2948.06,56.84,2948.07,45.89
2025-12-25T20:54:52.453337,ETHUSDT,2948.06,56.85,2948.07,45.89
2025-12-25T20:54:53.328530,ETHUSDT,2948.06,55.84,2948.07,45.89
2025-12-25T20:54:54.305559,ETHUSDT,2948.06,54.46,2948.07,45.89
2025-12-25T20:54:54.312250,ETHUSDT,2948.06,55.84,2948.07,45.89
2025-12-25T20:54:55.337249,ETHUSDT,2948.06,54.46,2948.07,45.89
2025-12-25T20:54:55.368647,ETHUSDT,2948.06,55.84,2948.07,45.89
2025-12-25T20:54:55.585128,ETHUSDT,2948.06,55.80,2948.07,45.89
2025-12-25T20:54:55.627598,ETHUSDT,2948.06,55.80,2948.07,45.88
2025-12-25T20:54:56.196151,ETHUSDT,2948.06,46.89,2948.07,45.88
2025-12-25T20:54:56.196872,ETHUSDT,2948.06,41.70,2948.07,45.88
2025-12-25T20:54:56.232716,ETHUSDT,2948.06,42.50,2948.07,42.97
2025-12-25T20:54:56.362672,ETHUSDT,2948.06,41.12,2948.07,42.97
2025-12-25T20:54:56.373009,ETHUSDT,2948.06,42.48,2948.07,42.97
2025-12-25T20:54:56.382695,ETHUSDT,2948.06,42.48,2948.07,45.88
2025-12-25T20:54:56.398075,ETHUSDT,2948.06,41.68,2948.07,45.88
2025-12-25T20:54:57.223872,ETHUSDT,2948.06,41.67,2948.07,45.88
2025-12-25T20:54:57.383576,ETHUSDT,2948.06,40.31,2948.07,45.88
2025-12-25T20:54:57.392517,ETHUSDT,2948.06,41.67,2948.07,45.88
2025-12-25T20:54:58.446354,ETHUSDT,2948.06,40.31,2948.07,45.88
2025-12-25T20:54:58.447588,ETHUSDT,2948.06,41.60,2948.07,45.88
2025-12-25T20:54:58.572578,ETHUSDT,2948.06,42.40,2948.07,45.88
2025-12-25T20:54:58.703850,ETHUSDT,2948.06,42.40,2948.07,45.82
2025-12-25T20:54:59.433224,ETHUSDT,2948.06,42.39,2948.07,45.82
2025-12-25T20:55:00.086725,ETHUSDT,2948.06,42.39,2948.07,45.97
2025-12-25T20:55:00.344374,ETHUSDT,2948.06,28.64,2948.07,45.97
2025-12-25T20:55:00.362694,ETHUSDT,2948.06,25.73,2948.07,45.97
2025-12-25T20:55:00.372444,ETHUSDT,2948.06,9.23,2948.07,45.97
2025-12-25T20:55:00.392850,ETHUSDT,2948.06,16.45,2948.07,45.97
2025-12-25T20:55:00.433667,ETHUSDT,2948.06,11.26,2948.07,45.97
2025-12-25T20:55:00.443091,ETHUSDT,2948.06,9.98,2948.07,45.97
2025-12-25T20:55:00.453397,ETHUSDT,2948.06,11.26,2948.07,45.97
2025-12-25T20:55:00.484229,ETHUSDT,2948.06,11.30,2948.07,45.97
2025-12-25T20:55:00.736392,ETHUSDT,2948.06,11.30,2948.07,46.07
2025-12-25T20:55:01.157129,ETHUSDT,2948.06,11.30,2948.07,46.09
2025-12-25T20:55:01.332084,ETHUSDT,2948.06,8.39,2948.07,46.09
2025-12-25T20:55:01.343080,ETHUSDT,2948.06,11.30,2948.07,46.09
2025-12-25T20:55:01.356499,ETHUSDT,2948.02,0.94,2948.03,1.19
2025-12-25T20:55:01.364689,ETHUSDT,2948.00,1.01,2948.01,119.02
2025-12-25T20:55:01.372268,ETHUSDT,2947.99,0.01,2948.00,17.43
2025-12-25T20:55:01.384516,ETHUSDT,2947.75,7.17,2947.77,7.04
2025-12-25T20:55:01.396145,ETHUSDT,2947.75,43.87,2947.76,65.31
2025-12-25T20:55:01.408716,ETHUSDT,2947.75,43.79,2947.76,29.80
2025-12-25T20:55:01.422505,ETHUSDT,2947.75,44.79,2947.76,26.89
2025-12-25T20:55:01.432766,ETHUSDT,2947.75,45.67,2947.76,29.80
2025-12-25T20:55:01.452505,ETHUSDT,2947.75,45.67,2947.76,26.85
2025-12-25T20:55:01.463133,ETHUSDT,2947.75,46.01,2947.76,26.85
2025-12-25T20:55:01.492992,ETHUSDT,2947.75,46.01,2947.76,21.08
2025-12-25T20:55:01.502530,ETHUSDT,2947.75,46.01,2947.76,15.21
2025-12-25T20:55:01.512739,ETHUSDT,2947.75,46.01,2947.76,9.86
2025-12-25T20:55:01.522618,ETHUSDT,2947.75,45.01,2947.76,9.86
2025-12-25T20:55:01.552742,ETHUSDT,2947.75,45.01,2947.76,5.26
2025-12-25T20:55:01.562235,ETHUSDT,2947.75,45.86,2947.76,5.26
2025-12-25T20:55:01.572468,ETHUSDT,2947.75,46.84,2947.76,5.26
2025-12-25T20:55:01.592849,ETHUSDT,2947.75,46.84,2947.76,5.28
2025-12-25T20:55:01.662807,ETHUSDT,2947.75,46.85,2947.76,5.28
2025-12-25T20:55:01.916029,ETHUSDT,2947.75,47.47,2947.76,5.28
2025-12-25T20:55:02.084307,ETHUSDT,2947.75,47.50,2947.76,5.28
2025-12-25T20:55:02.092343,ETHUSDT,2947.75,47.50,2947.76,5.26
2025-12-25T20:55:02.272580,ETHUSDT,2947.75,48.15,2947.76,5.26
2025-12-25T20:55:02.403815,ETHUSDT,2947.75,48.65,2947.76,5.26
2025-12-25T20:55:02.747977,ETHUSDT,2947.75,48.07,2947.76,5.26
2025-12-25T20:55:03.056936,ETHUSDT,2947.75,48.88,2947.76,5.26
2025-12-25T20:55:03.135245,ETHUSDT,2947.75,48.88,2947.76,1.71
2025-12-25T20:55:03.135936,ETHUSDT,2947.83,35.14,2947.84,0.01
2025-12-25T20:55:03.136355,ETHUSDT,2947.99,6.84,2948.00,0.04
2025-12-25T20:55:03.136950,ETHUSDT,2948.06,79.11,2948.07,37.90
2025-12-25T20:55:03.143165,ETHUSDT,2948.06,81.02,2948.07,38.05
2025-12-25T20:55:03.157602,ETHUSDT,2948.06,81.02,2948.07,40.97
2025-12-25T20:55:03.183034,ETHUSDT,2948.06,81.02,2948.07,38.06
2025-12-25T20:55:03.212631,ETHUSDT,2948.06,81.02,2948.07,37.92
2025-12-25T20:55:03.272767,ETHUSDT,2948.06,81.03,2948.07,37.92
2025-12-25T20:55:03.452706,ETHUSDT,2948.06,63.97,2948.07,37.92
2025-12-25T20:55:03.554203,ETHUSDT,2948.06,63.97,2948.07,40.83
2025-12-25T20:55:03.566449,ETHUSDT,2948.06,62.96,2948.07,40.83
2025-12-25T20:55:03.653202,ETHUSDT,2948.06,62.96,2948.07,37.92
2025-12-25T20:55:04.080980,ETHUSDT,2948.06,62.96,2948.07,40.83
2025-12-25T20:55:04.081663,ETHUSDT,2948.06,62.96,2948.07,37.92
2025-12-25T20:55:04.082099,ETHUSDT,2948.06,62.96,2948.07,40.83
2025-12-25T20:55:04.082515,ETHUSDT,2948.06,62.96,2948.07,38.54
2025-12-25T20:55:04.083132,ETHUSDT,2948.06,64.05,2948.07,38.54
2025-12-25T20:55:04.133379,ETHUSDT,2948.06,64.05,2948.07,41.45
2025-12-25T20:55:04.592956,ETHUSDT,2948.06,62.16,2948.07,41.45
2025-12-25T20:55:04.593685,ETHUSDT,2948.06,57.56,2948.07,41.45
2025-12-25T20:55:05.105583,ETHUSDT,2948.06,57.56,2948.07,40.63
2025-12-25T20:55:05.222160,ETHUSDT,2948.06,46.43,2948.07,40.63
2025-12-25T20:55:05.253495,ETHUSDT,2948.06,49.34,2948.07,40.63
2025-12-25T20:55:05.353333,ETHUSDT,2948.06,49.35,2948.07,40.63
2025-12-25T20:55:06.026423,ETHUSDT,2948.06,49.34,2948.07,40.63
2025-12-25T20:55:06.641521,ETHUSDT,2948.06,50.93,2948.07,2.89
2025-12-25T20:55:06.642515,ETHUSDT,2948.06,50.93,2948.07,3.19
2025-12-25T20:55:06.642966,ETHUSDT,2948.06,50.93,2948.07,6.10
2025-12-25T20:55:06.643471,ETHUSDT,2948.06,50.93,2948.07,2.89
2025-12-25T20:55:06.652230,ETHUSDT,2948.06,51.33,2948.07,2.89
2025-12-25T20:55:07.259747,ETHUSDT,2948.06,51.20,2948.07,3.19
2025-12-25T20:55:07.770989,ETHUSDT,2948.06,49.61,2948.07,3.19
2025-12-25T20:55:08.634361,ETHUSDT,2948.06,49.61,2948.07,11.29
2025-12-25T20:55:08.654440,ETHUSDT,2948.06,49.61,2948.07,8.38
2025-12-25T20:55:08.724863,ETHUSDT,2948.06,49.62,2948.07,8.38
2025-12-25T20:55:09.232900,ETHUSDT,2948.06,49.62,2948.07,11.29
2025-12-25T20:55:09.322772,ETHUSDT,2948.06,49.62,2948.07,8.38
2025-12-25T20:55:09.611729,ETHUSDT,2948.06,49.62,2948.07,11.29
2025-12-25T20:55:09.753911,ETHUSDT,2948.06,49.62,2948.07,27.84
2025-12-25T20:55:10.430356,ETHUSDT,2948.06,49.62,2948.07,15.84
2025-12-25T20:55:10.431208,ETHUSDT,2948.06,49.62,2948.07,12.93
2025-12-25T20:55:10.543633,ETHUSDT,2948.06,49.62,2948.07,15.84
2025-12-25T20:55:10.593309,ETHUSDT,2948.06,46.45,2948.07,15.84
2025-12-25T20:55:10.633301,ETHUSDT,2948.06,46.12,2948.07,15.84
2025-12-25T20:55:11.562779,ETHUSDT,2948.06,46.12,2948.07,12.93
2025-12-25T20:55:13.092528,ETHUSDT,2948.06,46.12,2948.07,15.84
2025-12-25T20:55:13.163742,ETHUSDT,2948.34,1.21,2948.35,0.35
2025-12-25T20:55:13.176137,ETHUSDT,2948.34,36.12,2948.35,45.81
2025-12-25T20:55:13.183609,ETHUSDT,2948.34,35.04,2948.35,52.52
2025-12-25T20:55:13.192463,ETHUSDT,2948.34,32.14,2948.35,52.52
2025-12-25T20:55:13.203956,ETHUSDT,2948.34,35.05,2948.35,54.00
2025-12-25T20:55:13.212795,ETHUSDT,2948.34,35.05,2948.35,52.92
2025-12-25T20:55:13.222931,ETHUSDT,2948.34,32.14,2948.35,52.92
2025-12-25T20:55:13.335153,ETHUSDT,2948.34,32.15,2948.35,52.92
2025-12-25T20:55:13.704117,ETHUSDT,2948.34,32.15,2948.35,49.82
2025-12-25T20:55:13.963281,ETHUSDT,2948.34,35.06,2948.35,47.29
2025-12-25T20:55:13.972451,ETHUSDT,2948.34,35.06,2948.35,45.81
2025-12-25T20:55:14.076507,ETHUSDT,2948.34,35.06,2948.35,46.35
2025-12-25T20:55:14.490916,ETHUSDT,2948.34,29.29,2948.35,46.35
2025-12-25T20:55:14.573154,ETHUSDT,2948.34,29.28,2948.35,46.35
2025-12-25T20:55:14.603078,ETHUSDT,2948.34,25.58,2948.35,46.35
2025-12-25T20:55:14.612360,ETHUSDT,2948.34,1.30,2948.35,46.35
2025-12-25T20:55:14.632175,ETHUSDT,2948.34,0.42,2948.35,46.35
2025-12-25T20:55:14.955382,ETHUSDT,2948.34,0.42,2948.35,46.34
2025-12-25T20:55:15.084788,ETHUSDT,2948.34,0.39,2948.35,46.34
2025-12-25T20:55:15.125882,ETHUSDT,2948.34,0.06,2948.35,46.34
2025-12-25T20:55:15.137824,ETHUSDT,2948.34,0.06,2948.35,46.38
2025-12-25T20:55:15.142712,ETHUSDT,2948.34,0.06,2948.35,46.34
2025-12-25T20:55:16.163990,ETHUSDT,2948.34,0.39,2948.35,46.34
2025-12-25T20:55:16.164669,ETHUSDT,2948.34,0.06,2948.35,46.34
2025-12-25T20:55:16.614872,ETHUSDT,2948.34,0.39,2948.35,46.34
2025-12-25T20:55:17.193885,ETHUSDT,2948.34,3.30,2948.35,46.34
2025-12-25T20:55:18.112348,ETHUSDT,2948.34,8.49,2948.35,46.34
2025-12-25T20:55:18.587585,ETHUSDT,2948.34,3.30,2948.35,46.34
2025-12-25T20:55:18.965798,ETHUSDT,2948.34,3.29,2948.35,46.34
2025-12-25T20:55:21.487046,ETHUSDT,2948.34,8.48,2948.35,46.34
2025-12-25T20:55:21.796841,ETHUSDT,2948.34,0.38,2948.35,46.34
2025-12-25T20:55:22.513571,ETHUSDT,2948.34,0.48,2948.35,46.34
2025-12-25T20:55:22.593146,ETHUSDT,2948.34,3.39,2948.35,46.34
2025-12-25T20:55:22.653179,ETHUSDT,2948.34,8.58,2948.35,46.34
2025-12-25T20:55:22.763335,ETHUSDT,2948.34,8.51,2948.35,46.34
2025-12-25T20:55:22.772374,ETHUSDT,2948.29,8.45,2948.30,117.81
2025-12-25T20:55:22.783221,ETHUSDT,2948.29,5.55,2948.30,121.19
2025-12-25T20:55:22.792547,ETHUSDT,2948.29,5.55,2948.30,118.41
2025-12-25T20:55:22.818419,ETHUSDT,2948.29,5.55,2948.30,118.43
2025-12-25T20:55:22.842811,ETHUSDT,2948.29,0.36,2948.30,118.43
2025-12-25T20:55:23.334405,ETHUSDT,2948.29,0.36,2948.30,118.41
2025-12-25T20:55:23.433468,ETHUSDT,2948.25,0.02,2948.26,21.86
2025-12-25T20:55:23.443637,ETHUSDT,2948.19,6.54,2948.20,33.48
2025-12-25T20:55:23.452983,ETHUSDT,2948.19,11.63,2948.20,36.88
2025-12-25T20:55:23.462633,ETHUSDT,2948.19,14.54,2948.20,36.88
2025-12-25T20:55:23.472236,ETHUSDT,2948.19,14.54,2948.20,28.70
2025-12-25T20:55:23.593094,ETHUSDT,2948.19,14.57,2948.20,28.70
2025-12-25T20:55:25.175698,ETHUSDT,2948.19,1.39,2948.20,28.70
2025-12-25T20:55:25.182612,ETHUSDT,2948.19,0.05,2948.20,28.70
2025-12-25T20:55:25.212842,ETHUSDT,2948.19,0.05,2948.20,28.72
2025-12-25T20:55:25.262683,ETHUSDT,2948.16,0.29,2948.17,25.89
2025-12-25T20:55:25.275646,ETHUSDT,2948.16,0.32,2948.17,119.19
2025-12-25T20:55:25.402430,ETHUSDT,2948.16,0.35,2948.17,119.19
2025-12-25T20:55:25.422859,ETHUSDT,2948.16,0.35,2948.17,52.07
2025-12-25T20:55:25.543931,ETHUSDT,2948.16,0.35,2948.17,50.74
2025-12-25T20:55:26.225612,ETHUSDT,2948.16,25.31,2948.17,41.76
2025-12-25T20:55:26.226479,ETHUSDT,2948.16,26.79,2948.17,32.30
2025-12-25T20:55:26.242902,ETHUSDT,2948.16,25.78,2948.17,32.30
2025-12-25T20:55:26.713258,ETHUSDT,2948.16,14.70,2948.17,32.30
2025-12-25T20:55:26.724494,ETHUSDT,2948.16,13.90,2948.17,32.30
2025-12-25T20:55:27.543454,ETHUSDT,2948.16,10.99,2948.17,32.30
2025-12-25T20:55:28.042684,ETHUSDT,2948.16,10.99,2948.17,32.32
2025-12-25T20:55:28.543004,ETHUSDT,2948.16,10.99,2948.17,32.30
2025-12-25T20:55:29.243063,ETHUSDT,2948.16,13.90,2948.17,32.30
2025-12-25T20:55:29.784571,ETHUSDT,2948.16,4.96,2948.17,32.30
2025-12-25T20:55:29.785455,ETHUSDT,2948.16,0.36,2948.17,32.30
2025-12-25T20:55:29.795861,ETHUSDT,2948.16,0.36,2948.17,32.32
2025-12-25T20:55:29.893071,ETHUSDT,2948.16,0.09,2948.17,33.57
2025-12-25T20:55:30.084150,ETHUSDT,2948.16,3.00,2948.17,33.57
2025-12-25T20:55:30.397999,ETHUSDT,2948.16,3.00,2948.17,33.55
2025-12-25T20:55:31.218742,ETHUSDT,2948.16,3.40,2948.17,33.55
2025-12-25T20:55:31.220061,ETHUSDT,2948.16,3.00,2948.17,33.55
2025-12-25T20:55:31.220501,ETHUSDT,2948.16,3.00,2948.17,33.57
2025-12-25T20:55:31.223686,ETHUSDT,2948.16,0.09,2948.17,33.57
2025-12-25T20:55:31.512892,ETHUSDT,2948.16,0.09,2948.17,33.55
2025-12-25T20:55:32.043309,ETHUSDT,2948.16,8.19,2948.17,33.55
2025-12-25T20:55:32.052471,ETHUSDT,2948.16,20.99,2948.17,23.04
2025-12-25T20:55:32.063287,ETHUSDT,2948.16,25.54,2948.17,21.79
2025-12-25T20:55:32.072359,ETHUSDT,2948.16,26.42,2948.17,21.79
2025-12-25T20:55:32.634459,ETHUSDT,2948.16,26.42,2948.17,22.62
2025-12-25T20:55:33.163810,ETHUSDT,2948.16,26.46,2948.17,22.62
2025-12-25T20:55:33.778231,ETHUSDT,2948.16,26.46,2948.17,20.09
2025-12-25T20:55:33.781820,ETHUSDT,2948.16,26.46,2948.17,12.63
2025-12-25T20:55:33.782388,ETHUSDT,2948.16,27.31,2948.17,6.03
2025-12-25T20:55:33.782887,ETHUSDT,2948.16,28.99,2948.17,5.20
2025-12-25T20:55:33.783410,ETHUSDT,2948.16,30.06,2948.17,23.97
2025-12-25T20:55:33.784044,ETHUSDT,2948.16,30.06,2948.17,0.56
2025-12-25T20:55:33.853202,ETHUSDT,2948.16,30.06,2948.17,3.47
2025-12-25T20:55:33.863972,ETHUSDT,2948.16,28.37,2948.17,8.02
2025-12-25T20:55:33.932596,ETHUSDT,2948.16,28.37,2948.17,3.47
2025-12-25T20:55:33.993322,ETHUSDT,2948.16,28.37,2948.17,13.21
2025-12-25T20:55:34.031497,ETHUSDT,2948.16,27.52,2948.17,13.21
2025-12-25T20:55:34.042637,ETHUSDT,2948.16,27.52,2948.17,5.11
2025-12-25T20:55:34.052260,ETHUSDT,2948.16,27.52,2948.17,0.56
2025-12-25T20:55:34.082815,ETHUSDT,2948.16,28.37,2948.17,0.56
2025-12-25T20:55:34.113003,ETHUSDT,2948.16,28.95,2948.17,0.56
2025-12-25T20:55:34.122655,ETHUSDT,2948.24,35.53,2948.25,0.01
2025-12-25T20:55:34.132483,ETHUSDT,2948.29,26.10,2948.30,0.02
2025-12-25T20:55:34.142437,ETHUSDT,2948.29,74.72,2948.30,9.77
2025-12-25T20:55:34.152413,ETHUSDT,2948.29,75.60,2948.30,14.33
2025-12-25T20:55:34.184913,ETHUSDT,2948.29,75.60,2948.30,8.44
2025-12-25T20:55:34.273450,ETHUSDT,2948.29,75.66,2948.30,8.44
2025-12-25T20:55:34.605888,ETHUSDT,2948.29,74.57,2948.30,27.17
2025-12-25T20:55:34.652482,ETHUSDT,2948.29,73.49,2948.30,27.17
2025-12-25T20:55:34.743244,ETHUSDT,2948.29,72.64,2948.30,27.17
2025-12-25T20:55:34.773505,ETHUSDT,2948.29,73.52,2948.30,27.17
2025-12-25T20:55:35.109021,ETHUSDT,2948.29,73.52,2948.30,8.44
2025-12-25T20:55:35.109922,ETHUSDT,2948.29,73.52,2948.30,9.26
2025-12-25T20:55:35.612030,ETHUSDT,2948.29,73.52,2948.30,13.81
2025-12-25T20:55:35.743259,ETHUSDT,2948.29,69.36,2948.30,18.45
2025-12-25T20:55:35.954598,ETHUSDT,2948.29,70.28,2948.30,18.45
2025-12-25T20:55:36.001827,ETHUSDT,2948.29,70.28,2948.30,13.90
2025-12-25T20:55:36.337914,ETHUSDT,2948.29,70.09,2948.30,13.90
2025-12-25T20:55:36.411209,ETHUSDT,2948.29,70.09,2948.30,18.45
2025-12-25T20:55:36.473249,ETHUSDT,2948.29,47.67,2948.30,30.32
2025-12-25T20:55:36.483881,ETHUSDT,2948.29,19.13,2948.30,30.32
2025-12-25T20:55:36.493036,ETHUSDT,2948.29,17.02,2948.30,30.32
2025-12-25T20:55:36.515825,ETHUSDT,2948.29,17.02,2948.30,30.34
2025-12-25T20:55:36.532781,ETHUSDT,2948.29,17.02,2948.30,31.50
2025-12-25T20:55:36.542979,ETHUSDT,2948.29,5.71,2948.30,31.50
2025-12-25T20:55:36.573048,ETHUSDT,2948.29,4.83,2948.30,31.48
2025-12-25T20:55:36.673281,ETHUSDT,2948.29,0.08,2948.30,31.48
2025-12-25T20:55:36.765189,ETHUSDT,2948.27,0.01,2948.28,30.63
2025-12-25T20:55:36.773708,ETHUSDT,2948.19,0.02,2948.20,24.23
2025-12-25T20:55:36.782659,ETHUSDT,2948.16,0.65,2948.17,17.79
2025-12-25T20:55:36.793299,ETHUSDT,2948.16,9.89,2948.17,100.01
2025-12-25T20:55:36.805429,ETHUSDT,2948.16,9.89,2948.17,100.83
2025-12-25T20:55:36.812697,ETHUSDT,2948.16,9.89,2948.17,98.07
2025-12-25T20:55:36.832991,ETHUSDT,2948.16,8.55,2948.17,98.05
2025-12-25T20:55:36.847371,ETHUSDT,2948.16,8.55,2948.17,82.18
2025-12-25T20:55:36.852766,ETHUSDT,2948.16,9.43,2948.17,82.18
2025-12-25T20:55:36.875035,ETHUSDT,2948.16,9.43,2948.17,81.01
2025-12-25T20:55:36.903999,ETHUSDT,2948.16,9.50,2948.17,81.01
2025-12-25T20:55:36.953429,ETHUSDT,2948.16,9.50,2948.17,77.50
2025-12-25T20:55:37.154960,ETHUSDT,2948.16,21.50,2948.17,77.20
2025-12-25T20:55:37.283502,ETHUSDT,2948.16,21.60,2948.17,77.20
2025-12-25T20:55:37.313219,ETHUSDT,2948.16,21.60,2948.17,78.40
2025-12-25T20:55:37.413982,ETHUSDT,2948.16,21.60,2948.17,77.20
2025-12-25T20:55:37.804482,ETHUSDT,2948.16,26.15,2948.17,77.20
2025-12-25T20:55:38.553791,ETHUSDT,2948.16,26.26,2948.17,77.20
2025-12-25T20:55:38.683323,ETHUSDT,2948.16,26.26,2948.17,19.20
2025-12-25T20:55:38.692857,ETHUSDT,2948.16,26.26,2948.17,15.86
2025-12-25T20:55:38.702543,ETHUSDT,2948.16,27.18,2948.17,14.60
2025-12-25T20:55:38.744162,ETHUSDT,2948.16,27.18,2948.17,19.15
2025-12-25T20:55:38.884644,ETHUSDT,2948.16,26.26,2948.17,19.15
2025-12-25T20:55:38.895227,ETHUSDT,2948.16,26.27,2948.17,19.15
2025-12-25T20:55:39.615720,ETHUSDT,2948.16,26.27,2948.17,14.60
2025-12-25T20:55:39.616259,ETHUSDT,2948.16,26.27,2948.17,3.22
2025-12-25T20:55:39.616688,ETHUSDT,2948.16,26.27,2948.17,14.90
2025-12-25T20:55:39.617107,ETHUSDT,2948.16,26.27,2948.17,11.32
2025-12-25T20:55:39.617495,ETHUSDT,2948.16,27.19,2948.17,11.32
2025-12-25T20:55:39.653042,ETHUSDT,2948.16,28.72,2948.17,3.22
2025-12-25T20:55:39.717777,ETHUSDT,2948.16,28.72,2948.17,2.03
2025-12-25T20:55:39.772986,ETHUSDT,2948.16,28.72,2948.17,62.94
2025-12-25T20:55:39.783271,ETHUSDT,2948.16,27.80,2948.17,62.94
2025-12-25T20:55:39.853220,ETHUSDT,2948.16,27.79,2948.17,62.94
2025-12-25T20:55:40.126516,ETHUSDT,2948.16,27.79,2948.17,2.03
2025-12-25T20:55:40.127391,ETHUSDT,2948.16,28.71,2948.17,2.03
2025-12-25T20:55:40.854182,ETHUSDT,2948.16,28.71,2948.17,20.63
2025-12-25T20:55:41.093209,ETHUSDT,2948.16,27.79,2948.17,20.63
2025-12-25T20:55:41.493176,ETHUSDT,2948.16,27.80,2948.17,20.63
2025-12-25T20:55:41.843270,ETHUSDT,2948.16,28.72,2948.17,20.63
2025-12-25T20:55:41.953130,ETHUSDT,2948.16,27.80,2948.17,20.63
2025-12-25T20:55:42.143196,ETHUSDT,2948.16,28.72,2948.17,1.76
2025-12-25T20:55:42.554310,ETHUSDT,2948.16,28.73,2948.17,1.76
2025-12-25T20:55:42.786901,ETHUSDT,2948.16,28.73,2948.17,1.46
2025-12-25T20:55:42.872719,ETHUSDT,2948.16,28.73,2948.17,59.76
2025-12-25T20:55:42.883348,ETHUSDT,2948.16,28.73,2948.17,62.37
2025-12-25T20:55:42.892256,ETHUSDT,2948.16,27.81,2948.17,62.37
2025-12-25T20:55:43.233276,ETHUSDT,2948.16,26.28,2948.17,62.37
2025-12-25T20:55:44.113710,ETHUSDT,2948.16,26.29,2948.17,62.37
2025-12-25T20:55:44.194258,ETHUSDT,2948.16,26.27,2948.17,62.37
2025-12-25T20:55:44.253809,ETHUSDT,2948.16,26.27,2948.17,1.76
2025-12-25T20:55:44.262833,ETHUSDT,2948.16,26.27,2948.17,6.95
2025-12-25T20:55:44.272862,ETHUSDT,2948.16,27.19,2948.17,28.38
2025-12-25T20:55:44.293406,ETHUSDT,2948.16,27.99,2948.17,28.38
2025-12-25T20:55:44.302828,ETHUSDT,2948.16,27.99,2948.17,23.19
2025-12-25T20:55:44.404666,ETHUSDT,2948.16,27.99,2948.17,20.28
2025-12-25T20:55:44.553571,ETHUSDT,2948.16,27.99,2948.17,19.98
2025-12-25T20:55:44.654004,ETHUSDT,2948.16,27.99,2948.17,22.89
2025-12-25T20:55:45.247581,ETHUSDT,2948.16,27.99,2948.17,1.46
2025-12-25T20:55:45.303664,ETHUSDT,2948.16,27.89,2948.17,1.46
2025-12-25T20:55:45.423320,ETHUSDT,2948.16,27.88,2948.17,1.46
2025-12-25T20:55:45.593372,ETHUSDT,2948.16,27.88,2948.17,1.49
2025-12-25T20:55:45.913571,ETHUSDT,2948.16,27.88,2948.17,22.88
2025-12-25T20:55:46.178175,ETHUSDT,2948.16,26.97,2948.17,22.88
2025-12-25T20:55:46.213079,ETHUSDT,2948.16,26.97,2948.17,19.97
2025-12-25T20:55:46.223102,ETHUSDT,2948.16,27.88,2948.17,19.97
2025-12-25T20:55:46.324369,ETHUSDT,2948.16,26.97,2948.17,19.97
2025-12-25T20:55:46.643544,ETHUSDT,2948.16,26.96,2948.17,19.97
2025-12-25T20:55:47.244023,ETHUSDT,2948.16,28.89,2948.17,19.97
2025-12-25T20:55:48.572471,ETHUSDT,2948.16,28.90,2948.17,19.97
2025-12-25T20:55:48.905264,ETHUSDT,2948.16,28.89,2948.17,19.97
2025-12-25T20:55:49.084554,ETHUSDT,2948.16,28.89,2948.17,1.41
2025-12-25T20:55:49.103091,ETHUSDT,2948.16,29.80,2948.17,1.41
2025-12-25T20:55:49.343837,ETHUSDT,2948.16,29.80,2948.17,62.32
2025-12-25T20:55:49.373495,ETHUSDT,2948.16,28.89,2948.17,62.32
2025-12-25T20:55:49.650335,ETHUSDT,2948.16,28.89,2948.17,59.41
2025-12-25T20:55:49.743902,ETHUSDT,2948.16,28.89,2948.17,62.32
2025-12-25T20:55:49.812669,ETHUSDT,2948.16,28.89,2948.17,59.41
2025-12-25T20:55:50.012987,ETHUSDT,2948.16,28.89,2948.17,1.41
2025-12-25T20:55:50.030165,ETHUSDT,2948.16,28.89,2948.17,0.87
2025-12-25T20:55:50.032288,ETHUSDT,2948.16,29.80,2948.17,0.87
2025-12-25T20:55:50.455714,ETHUSDT,2948.16,29.81,2948.17,0.87
2025-12-25T20:55:50.604693,ETHUSDT,2948.16,29.82,2948.17,0.87
2025-12-25T20:55:51.964053,ETHUSDT,2948.16,29.82,2948.17,61.78
2025-12-25T20:55:52.063718,ETHUSDT,2948.16,28.91,2948.17,61.78
2025-12-25T20:55:52.173521,ETHUSDT,2948.16,28.91,2948.17,0.87
2025-12-25T20:55:52.263523,ETHUSDT,2948.16,29.25,2948.17,0.87
2025-12-25T20:55:52.733240,ETHUSDT,2948.16,30.16,2948.17,0.87
2025-12-25T20:55:52.803588,ETHUSDT,2948.16,30.16,2948.17,3.78
2025-12-25T20:55:53.132453,ETHUSDT,2948.16,30.16,2948.17,0.87
2025-12-25T20:55:53.253227,ETHUSDT,2948.16,30.16,2948.17,19.20
2025-12-25T20:55:53.323674,ETHUSDT,2948.16,30.16,2948.17,22.11
2025-12-25T20:55:53.494189,ETHUSDT,2948.16,29.25,2948.17,22.11
2025-12-25T20:55:53.633053,ETHUSDT,2948.16,29.24,2948.17,22.11
2025-12-25T20:55:53.744077,ETHUSDT,2948.16,29.24,2948.17,19.20
2025-12-25T20:55:54.107078,ETHUSDT,2948.16,29.24,2948.17,22.11
2025-12-25T20:55:54.256432,ETHUSDT,2948.16,29.24,2948.17,19.20
2025-12-25T20:55:54.263135,ETHUSDT,2948.16,29.24,2948.17,22.11
2025-12-25T20:55:54.272372,ETHUSDT,2948.16,7.93,2948.17,37.32
2025-12-25T20:55:54.323535,ETHUSDT,2948.16,10.84,2948.17,37.32
2025-12-25T20:55:54.364449,ETHUSDT,2948.16,8.91,2948.17,37.32
2025-12-25T20:55:54.403492,ETHUSDT,2948.16,8.91,2948.17,32.77
2025-12-25T20:55:54.413184,ETHUSDT,2948.16,6.00,2948.17,32.77
2025-12-25T20:55:54.423054,ETHUSDT,2948.16,14.10,2948.17,32.77
2025-12-25T20:55:54.543616,ETHUSDT,2948.16,17.20,2948.17,32.77
2025-12-25T20:55:55.733951,ETHUSDT,2948.16,17.20,2948.25,0.91
2025-12-25T20:55:55.743615,ETHUSDT,2948.50,3.41,2948.70,6.53
2025-12-25T20:55:55.754772,ETHUSDT,2948.68,2.02,2948.69,0.57
2025-12-25T20:55:55.763535,ETHUSDT,2948.68,15.85,2948.69,38.90
2025-12-25T20:55:55.772501,ETHUSDT,2948.68,24.62,2948.69,39.83
2025-12-25T20:55:55.784000,ETHUSDT,2948.68,19.04,2948.69,39.83
2025-12-25T20:55:55.792886,ETHUSDT,2948.68,19.39,2948.69,39.83
2025-12-25T20:55:55.812924,ETHUSDT,2948.68,19.07,2948.69,39.83
2025-12-25T20:55:55.822936,ETHUSDT,2948.68,27.06,2948.69,36.69
2025-12-25T20:55:55.832810,ETHUSDT,2948.68,29.24,2948.69,36.69
2025-12-25T20:55:55.852755,ETHUSDT,2948.68,24.16,2948.69,36.69
2025-12-25T20:55:55.863614,ETHUSDT,2948.68,1.24,2948.69,36.69
2025-12-25T20:55:55.872547,ETHUSDT,2948.68,0.47,2948.69,36.69
2025-12-25T20:55:55.883318,ETHUSDT,2948.68,0.22,2948.69,38.63
2025-12-25T20:55:55.894389,ETHUSDT,2948.68,0.22,2948.69,40.11
2025-12-25T20:55:55.908253,ETHUSDT,2948.54,0.95,2948.55,11.41
2025-12-25T20:55:55.912679,ETHUSDT,2948.53,3.14,2948.54,31.93
2025-12-25T20:55:55.922729,ETHUSDT,2948.50,0.04,2948.51,39.02
2025-12-25T20:55:55.934432,ETHUSDT,2948.46,0.33,2948.47,3.29
2025-12-25T20:55:55.943123,ETHUSDT,2948.40,4.86,2948.41,0.85
2025-12-25T20:55:55.952897,ETHUSDT,2948.39,1.99,2948.40,18.62
2025-12-25T20:55:55.963650,ETHUSDT,2948.39,2.00,2948.40,146.13
2025-12-25T20:55:55.972920,ETHUSDT,2948.38,0.63,2948.39,157.70
2025-12-25T20:55:55.983329,ETHUSDT,2948.38,5.21,2948.39,179.85
2025-12-25T20:55:55.996933,ETHUSDT,2948.38,5.21,2948.39,175.08
2025-12-25T20:55:56.005682,ETHUSDT,2948.38,5.55,2948.39,175.08
2025-12-25T20:55:56.023198,ETHUSDT,2948.38,5.57,2948.39,167.08
2025-12-25T20:55:56.053118,ETHUSDT,2948.38,0.38,2948.39,167.08
2025-12-25T20:55:56.124793,ETHUSDT,2948.38,0.50,2948.39,167.08
2025-12-25T20:55:56.205108,ETHUSDT,2948.38,0.16,2948.39,167.08
2025-12-25T20:55:56.213046,ETHUSDT,2948.38,0.16,2948.39,168.21
2025-12-25T20:55:56.272642,ETHUSDT,2948.38,0.49,2948.39,168.21
2025-12-25T20:55:56.283102,ETHUSDT,2948.38,0.44,2948.39,168.21
2025-12-25T20:55:56.353269,ETHUSDT,2948.38,0.47,2948.39,173.77
2025-12-25T20:55:56.423053,ETHUSDT,2948.38,0.49,2948.39,173.77
2025-12-25T20:55:56.593574,ETHUSDT,2948.38,0.50,2948.39,173.77
2025-12-25T20:55:57.134356,ETHUSDT,2948.38,5.69,2948.39,173.77
2025-12-25T20:55:57.135001,ETHUSDT,2948.38,5.73,2948.39,173.77
2025-12-25T20:55:57.135590,ETHUSDT,2948.38,5.73,2948.39,171.60
2025-12-25T20:55:57.203621,ETHUSDT,2948.38,0.54,2948.39,171.60
2025-12-25T20:55:57.637778,ETHUSDT,2948.38,0.52,2948.39,171.60
2025-12-25T20:55:57.683506,ETHUSDT,2948.38,0.53,2948.39,171.60
2025-12-25T20:55:58.560065,ETHUSDT,2948.38,0.53,2948.39,170.00
2025-12-25T20:56:00.096316,ETHUSDT,2948.38,0.53,2948.39,170.02
2025-12-25T20:56:00.097295,ETHUSDT,2948.38,0.49,2948.39,170.02
2025-12-25T20:56:00.506530,ETHUSDT,2948.38,5.68,2948.39,170.02
2025-12-25T20:56:00.507389,ETHUSDT,2948.38,8.60,2948.39,170.02
2025-12-25T20:56:00.507833,ETHUSDT,2948.38,8.60,2948.39,164.07
2025-12-25T20:56:00.508419,ETHUSDT,2948.38,8.64,2948.39,164.07
2025-12-25T20:56:00.533698,ETHUSDT,2948.38,8.64,2948.39,157.17
2025-12-25T20:56:00.553029,ETHUSDT,2948.38,8.64,2948.39,155.67
2025-12-25T20:56:00.606505,ETHUSDT,2948.38,8.64,2948.39,143.53
2025-12-25T20:56:00.612391,ETHUSDT,2948.38,8.64,2948.39,137.66
2025-12-25T20:56:00.632593,ETHUSDT,2948.38,13.19,2948.39,133.11
2025-12-25T20:56:00.653496,ETHUSDT,2948.38,13.19,2948.39,129.60
2025-12-25T20:56:00.707715,ETHUSDT,2948.38,13.19,2948.39,126.50
2025-12-25T20:56:00.713176,ETHUSDT,2948.38,13.19,2948.39,124.60
2025-12-25T20:56:00.743760,ETHUSDT,2948.38,13.19,2948.39,121.69
2025-12-25T20:56:00.752546,ETHUSDT,2948.38,13.99,2948.39,118.93
2025-12-25T20:56:00.763890,ETHUSDT,2948.38,13.99,2948.39,110.91
2025-12-25T20:56:00.803449,ETHUSDT,2948.38,18.63,2948.39,106.27
2025-12-25T20:56:00.832685,ETHUSDT,2948.38,18.63,2948.39,106.13
2025-12-25T20:56:01.118659,ETHUSDT,2948.38,18.63,2948.39,106.15
2025-12-25T20:56:01.163000,ETHUSDT,2948.38,18.63,2948.39,106.21
2025-12-25T20:56:01.353671,ETHUSDT,2948.38,13.99,2948.39,106.21
2025-12-25T20:56:01.362874,ETHUSDT,2948.38,13.99,2948.39,109.12
2025-12-25T20:56:01.373296,ETHUSDT,2948.38,5.73,2948.39,109.12
2025-12-25T20:56:01.502692,ETHUSDT,2948.38,5.58,2948.39,109.12
2025-12-25T20:56:01.553916,ETHUSDT,2948.38,5.58,2948.39,109.10
2025-12-25T20:56:01.572034,ETHUSDT,2948.38,0.39,2948.39,109.10
2025-12-25T20:56:01.582594,ETHUSDT,2948.38,8.54,2948.39,109.10
2025-12-25T20:56:01.604169,ETHUSDT,2948.38,13.89,2948.39,109.10
2025-12-25T20:56:01.852963,ETHUSDT,2948.38,13.89,2948.39,106.19
2025-12-25T20:56:01.863901,ETHUSDT,2948.38,13.89,2948.39,102.56
2025-12-25T20:56:01.924007,ETHUSDT,2948.38,18.53,2948.39,90.56
2025-12-25T20:56:01.939319,ETHUSDT,2948.38,30.53,2948.39,85.24
2025-12-25T20:56:01.953413,ETHUSDT,2948.38,30.53,2948.39,84.73
2025-12-25T20:56:01.962922,ETHUSDT,2948.38,30.53,2948.39,82.20
2025-12-25T20:56:01.972481,ETHUSDT,2948.38,32.13,2948.39,9.07
2025-12-25T20:56:01.982807,ETHUSDT,2948.38,32.91,2948.39,8.19
2025-12-25T20:56:01.992526,ETHUSDT,2948.38,38.40,2948.39,63.90
2025-12-25T20:56:02.006350,ETHUSDT,2948.38,40.16,2948.39,3.05
2025-12-25T20:56:02.011723,ETHUSDT,2948.38,40.16,2948.39,0.14
2025-12-25T20:56:02.022970,ETHUSDT,2948.54,35.93,2948.55,0.02
2025-12-25T20:56:02.032893,ETHUSDT,2948.65,96.27,2948.66,1.69
2025-12-25T20:56:02.043146,ETHUSDT,2948.65,100.15,2948.66,0.35
2025-12-25T20:56:02.052524,ETHUSDT,2948.65,96.30,2948.66,3.78
2025-12-25T20:56:02.063713,ETHUSDT,2948.69,3.56,2948.75,0.01
2025-12-25T20:56:02.073436,ETHUSDT,2948.74,44.26,2948.75,10.64
2025-12-25T20:56:02.081576,ETHUSDT,2948.74,45.04,2948.75,9.76
2025-12-25T20:56:02.092764,ETHUSDT,2948.74,45.04,2948.75,12.67
2025-12-25T20:56:02.110026,ETHUSDT,2948.74,28.16,2948.75,9.00
2025-12-25T20:56:02.123417,ETHUSDT,2948.74,28.16,2948.75,6.09
2025-12-25T20:56:02.133439,ETHUSDT,2948.74,28.16,2948.75,3.73
2025-12-25T20:56:02.142640,ETHUSDT,2948.74,28.16,2948.75,1.20
2025-12-25T20:56:02.152499,ETHUSDT,2948.74,28.16,2948.75,3.75
2025-12-25T20:56:02.173081,ETHUSDT,2948.74,28.25,2948.75,3.75
2025-12-25T20:56:02.195562,ETHUSDT,2948.74,28.25,2948.75,8.94
2025-12-25T20:56:02.253426,ETHUSDT,2948.74,22.22,2948.75,8.92
2025-12-25T20:56:02.262598,ETHUSDT,2948.74,22.22,2948.75,11.83
2025-12-25T20:56:02.272369,ETHUSDT,2948.74,25.49,2948.75,11.83
2025-12-25T20:56:02.363178,ETHUSDT,2948.74,25.49,2948.75,11.86
2025-12-25T20:56:02.581025,ETHUSDT,2948.74,25.49,2948.75,11.83
2025-12-25T20:56:03.083738,ETHUSDT,2948.74,15.14,2948.75,17.43
2025-12-25T20:56:03.112857,ETHUSDT,2948.74,15.14,2948.75,23.43
2025-12-25T20:56:03.122582,ETHUSDT,2948.74,15.14,2948.75,23.44
2025-12-25T20:56:03.183075,ETHUSDT,2948.74,5.85,2948.75,23.44
2025-12-25T20:56:03.223023,ETHUSDT,2948.74,1.30,2948.75,29.38
2025-12-25T20:56:03.267459,ETHUSDT,2948.74,1.30,2948.75,29.40
2025-12-25T20:56:03.362570,ETHUSDT,2948.74,1.30,2948.75,29.38
2025-12-25T20:56:03.473004,ETHUSDT,2948.74,1.30,2948.75,31.38
2025-12-25T20:56:04.599101,ETHUSDT,2948.74,4.21,2948.75,31.38
2025-12-25T20:56:04.604336,ETHUSDT,2948.74,9.40,2948.75,31.38
2025-12-25T20:56:04.653429,ETHUSDT,2948.74,9.40,2948.75,89.33
2025-12-25T20:56:05.424365,ETHUSDT,2948.74,9.40,2948.75,31.38
2025-12-25T20:56:05.713390,ETHUSDT,2948.74,0.01,2948.75,31.38
2025-12-25T20:56:05.725682,ETHUSDT,2948.70,0.02,2948.71,82.77
2025-12-25T20:56:05.732074,ETHUSDT,2948.70,8.13,2948.71,89.27
2025-12-25T20:56:05.763525,ETHUSDT,2948.70,8.13,2948.71,78.87
2025-12-25T20:56:05.813246,ETHUSDT,2948.70,8.13,2948.71,78.85
2025-12-25T20:56:05.828298,ETHUSDT,2948.70,8.06,2948.71,78.85
2025-12-25T20:56:05.842767,ETHUSDT,2948.70,8.06,2948.71,54.05
2025-12-25T20:56:05.852982,ETHUSDT,2948.70,8.15,2948.71,54.05
2025-12-25T20:56:07.333164,ETHUSDT,2948.70,8.25,2948.71,54.05
2025-12-25T20:56:07.787433,ETHUSDT,2948.70,11.89,2948.71,42.84
2025-12-25T20:56:07.788192,ETHUSDT,2948.70,17.24,2948.71,39.74
2025-12-25T20:56:07.788645,ETHUSDT,2948.70,17.24,2948.71,36.83
2025-12-25T20:56:07.927077,ETHUSDT,2948.70,17.24,2948.71,16.21
2025-12-25T20:56:07.943324,ETHUSDT,2948.70,26.97,2948.71,9.86
2025-12-25T20:56:07.963265,ETHUSDT,2948.70,27.67,2948.71,9.86
2025-12-25T20:56:08.012751,ETHUSDT,2948.70,27.67,2948.71,7.64
2025-12-25T20:56:08.528890,ETHUSDT,2948.70,41.64,2948.71,8.75
2025-12-25T20:56:08.529729,ETHUSDT,2948.70,41.64,2948.71,7.64
2025-12-25T20:56:08.530306,ETHUSDT,2948.70,41.72,2948.71,7.64
2025-12-25T20:56:08.583155,ETHUSDT,2948.70,38.62,2948.71,73.05
2025-12-25T20:56:08.593031,ETHUSDT,2948.70,38.62,2948.71,73.93
2025-12-25T20:56:08.653671,ETHUSDT,2948.70,38.62,2948.71,73.95
2025-12-25T20:56:08.853358,ETHUSDT,2948.70,38.62,2948.71,73.93
2025-12-25T20:56:08.953549,ETHUSDT,2948.70,38.62,2948.71,73.95
2025-12-25T20:56:09.106516,ETHUSDT,2948.70,38.62,2948.71,71.04
2025-12-25T20:56:09.162270,ETHUSDT,2948.70,38.62,2948.71,71.02
2025-12-25T20:56:09.253661,ETHUSDT,2948.70,38.62,2948.71,71.04
2025-12-25T20:56:09.444175,ETHUSDT,2948.70,38.62,2948.71,13.09
2025-12-25T20:56:09.553315,ETHUSDT,2948.70,38.62,2948.71,13.07
2025-12-25T20:56:10.244172,ETHUSDT,2948.70,38.62,2948.71,15.98
2025-12-25T20:56:10.413256,ETHUSDT,2948.70,38.62,2948.71,15.88
2025-12-25T20:56:10.514285,ETHUSDT,2948.70,38.62,2948.71,12.97
2025-12-25T20:56:10.538136,ETHUSDT,2948.70,38.66,2948.71,12.97
2025-12-25T20:56:10.765796,ETHUSDT,2948.70,38.66,2948.71,12.74
2025-12-25T20:56:12.281286,ETHUSDT,2948.70,38.66,2948.71,12.76
2025-12-25T20:56:12.453827,ETHUSDT,2948.70,38.66,2948.71,12.74
2025-12-25T20:56:12.844080,ETHUSDT,2948.70,39.34,2948.71,8.19
2025-12-25T20:56:12.962860,ETHUSDT,2948.70,38.66,2948.71,8.19
2025-12-25T20:56:14.293695,ETHUSDT,2948.70,38.66,2948.71,20.84
2025-12-25T20:56:14.423502,ETHUSDT,2948.70,38.66,2948.71,22.41
2025-12-25T20:56:14.947007,ETHUSDT,2948.70,35.03,2948.71,22.41
2025-12-25T20:56:15.147510,ETHUSDT,2948.70,32.12,2948.71,22.41
2025-12-25T20:56:15.155256,ETHUSDT,2948.70,31.32,2948.71,22.41
2025-12-25T20:56:15.183838,ETHUSDT,2948.70,19.32,2948.71,22.41
2025-12-25T20:56:15.249248,ETHUSDT,2948.70,4.69,2948.71,29.83
2025-12-25T20:56:15.273784,ETHUSDT,2948.70,0.14,2948.71,29.85
2025-12-25T20:56:15.353595,ETHUSDT,2948.70,0.14,2948.71,29.87
2025-12-25T20:56:15.363206,ETHUSDT,2948.70,0.08,2948.71,29.87
2025-12-25T20:56:15.436522,ETHUSDT,2948.70,0.11,2948.71,29.87
2025-12-25T20:56:15.453707,ETHUSDT,2948.70,0.11,2948.71,29.85
2025-12-25T20:56:15.472475,ETHUSDT,2948.70,0.11,2948.71,30.91
2025-12-25T20:56:15.482891,ETHUSDT,2948.70,0.11,2948.71,31.93
2025-12-25T20:56:15.493751,ETHUSDT,2948.70,0.11,2948.71,32.78
2025-12-25T20:56:15.508481,ETHUSDT,2948.70,0.08,2948.71,32.78
2025-12-25T20:56:15.532791,ETHUSDT,2948.55,0.87,2948.56,8.04
2025-12-25T20:56:15.543204,ETHUSDT,2948.54,1.95,2948.55,112.61
2025-12-25T20:56:15.556632,ETHUSDT,2948.54,4.03,2948.55,62.85
2025-12-25T20:56:15.562436,ETHUSDT,2948.54,9.23,2948.55,54.85
2025-12-25T20:56:15.582957,ETHUSDT,2948.54,9.23,2948.55,54.00
2025-12-25T20:56:15.592795,ETHUSDT,2948.54,9.23,2948.55,54.02
2025-12-25T20:56:15.643802,ETHUSDT,2948.54,9.30,2948.55,54.02
2025-12-25T20:56:15.657966,ETHUSDT,2948.54,6.39,2948.55,54.02
2025-12-25T20:56:15.683388,ETHUSDT,2948.54,9.30,2948.55,54.02
2025-12-25T20:56:15.793910,ETHUSDT,2948.54,9.30,2948.55,53.00
2025-12-25T20:56:16.172314,ETHUSDT,2948.54,9.30,2948.55,52.98
2025-12-25T20:56:17.094573,ETHUSDT,2948.54,6.39,2948.55,52.98
2025-12-25T20:56:17.095407,ETHUSDT,2948.54,9.30,2948.55,52.98
2025-12-25T20:56:17.734541,ETHUSDT,2948.54,9.25,2948.55,52.98
2025-12-25T20:56:18.134420,ETHUSDT,2948.54,9.25,2948.55,53.97
2025-12-25T20:56:19.607422,ETHUSDT,2948.54,9.15,2948.55,53.97
2025-12-25T20:56:20.993090,ETHUSDT,2948.54,9.15,2948.55,41.85
2025-12-25T20:56:20.993987,ETHUSDT,2948.54,9.15,2948.55,39.32
2025-12-25T20:56:21.004471,ETHUSDT,2948.54,9.15,2948.55,38.33
2025-12-25T20:56:21.252868,ETHUSDT,2948.54,9.15,2948.55,38.35
2025-12-25T20:56:21.343720,ETHUSDT,2948.54,9.15,2948.55,29.17
2025-12-25T20:56:21.355124,ETHUSDT,2948.54,9.15,2948.55,29.15
2025-12-25T20:56:21.574119,ETHUSDT,2948.54,9.15,2948.55,30.15
2025-12-25T20:56:21.739987,ETHUSDT,2948.54,9.15,2948.55,19.75
2025-12-25T20:56:21.740665,ETHUSDT,2948.54,9.15,2948.55,24.30
2025-12-25T20:56:21.741170,ETHUSDT,2948.54,9.15,2948.55,23.35
2025-12-25T20:56:22.577339,ETHUSDT,2948.54,9.15,2948.55,24.28
2025-12-25T20:56:23.547970,ETHUSDT,2948.54,9.15,2948.55,23.35
2025-12-25T20:56:23.704712,ETHUSDT,2948.54,9.15,2948.55,24.27
2025-12-25T20:56:23.807807,ETHUSDT,2948.54,9.15,2948.55,23.35
2025-12-25T20:56:24.173549,ETHUSDT,2948.54,6.24,2948.55,23.35
2025-12-25T20:56:24.182609,ETHUSDT,2948.54,9.15,2948.55,23.35
2025-12-25T20:56:24.613145,ETHUSDT,2948.54,9.15,2948.55,24.24
2025-12-25T20:56:25.190634,ETHUSDT,2948.54,9.15,2948.55,23.34
2025-12-25T20:56:25.322809,ETHUSDT,2948.54,9.95,2948.55,23.34
2025-12-25T20:56:25.353700,ETHUSDT,2948.54,14.50,2948.55,21.44
2025-12-25T20:56:25.373499,ETHUSDT,2948.54,26.50,2948.55,22.33
2025-12-25T20:56:25.443518,ETHUSDT,2948.54,26.50,2948.55,22.16
2025-12-25T20:56:25.477007,ETHUSDT,2948.54,26.50,2948.55,21.27
2025-12-25T20:56:26.258611,ETHUSDT,2948.54,26.50,2948.55,22.27
2025-12-25T20:56:26.553773,ETHUSDT,2948.54,26.56,2948.55,22.27
2025-12-25T20:56:27.289883,ETHUSDT,2948.54,26.56,2948.55,21.27
2025-12-25T20:56:27.820114,ETHUSDT,2948.54,27.09,2948.55,21.27
2025-12-25T20:56:27.913323,ETHUSDT,2948.54,26.56,2948.55,21.27
2025-12-25T20:56:28.515230,ETHUSDT,2948.54,26.56,2948.55,22.10
2025-12-25T20:56:28.533221,ETHUSDT,2948.54,26.56,2948.55,21.27
2025-12-25T20:56:28.936420,ETHUSDT,2948.54,26.56,2948.55,22.09
2025-12-25T20:56:28.953956,ETHUSDT,2948.54,26.56,2948.55,21.27
2025-12-25T20:56:29.540013,ETHUSDT,2948.54,27.08,2948.55,21.27
2025-12-25T20:56:29.643220,ETHUSDT,2948.54,26.56,2948.55,21.27
2025-12-25T20:56:30.127568,ETHUSDT,2948.54,27.08,2948.55,21.27
2025-12-25T20:56:30.224166,ETHUSDT,2948.54,27.08,2948.55,22.32
2025-12-25T20:56:30.244009,ETHUSDT,2948.54,26.56,2948.55,23.11
2025-12-25T20:56:30.304602,ETHUSDT,2948.54,26.56,2948.55,22.32
2025-12-25T20:56:30.683464,ETHUSDT,2948.54,27.08,2948.55,22.32
2025-12-25T20:56:30.736337,ETHUSDT,2948.54,27.08,2948.55,21.26
2025-12-25T20:56:30.763623,ETHUSDT,2948.54,27.08,2948.55,22.33
2025-12-25T20:56:30.865563,ETHUSDT,2948.54,26.56,2948.55,22.33
2025-12-25T20:56:31.093953,ETHUSDT,2948.54,26.56,2948.55,22.04
2025-12-25T20:56:31.205816,ETHUSDT,2948.54,26.56,2948.55,21.26
2025-12-25T20:56:31.273232,ETHUSDT,2948.54,27.07,2948.55,21.26
2025-12-25T20:56:31.374135,ETHUSDT,2948.54,26.56,2948.55,21.26
2025-12-25T20:56:32.014521,ETHUSDT,2948.54,26.56,2948.55,22.02
2025-12-25T20:56:32.113495,ETHUSDT,2948.54,26.56,2948.55,21.26
2025-12-25T20:56:33.480142,ETHUSDT,2948.54,27.07,2948.55,21.26
2025-12-25T20:56:33.579375,ETHUSDT,2948.54,26.56,2948.55,21.26
2025-12-25T20:56:33.673437,ETHUSDT,2948.54,27.07,2948.55,12.16
2025-12-25T20:56:33.684022,ETHUSDT,2948.54,27.46,2948.55,12.09
2025-12-25T20:56:33.763449,ETHUSDT,2948.54,27.46,2948.55,14.11
2025-12-25T20:56:33.807989,ETHUSDT,2948.54,26.95,2948.55,14.11
2025-12-25T20:56:34.004276,ETHUSDT,2948.54,26.98,2948.55,14.11
2025-12-25T20:56:34.205866,ETHUSDT,2948.54,29.46,2948.55,9.44
2025-12-25T20:56:34.428085,ETHUSDT,2948.54,29.46,2948.55,9.41
2025-12-25T20:56:34.514538,ETHUSDT,2948.54,29.46,2948.55,12.33
2025-12-25T20:56:34.523868,ETHUSDT,2948.54,28.96,2948.55,12.33
2025-12-25T20:56:34.824529,ETHUSDT,2948.54,28.96,2948.55,15.96
2025-12-25T20:56:34.924550,ETHUSDT,2948.54,29.46,2948.55,15.96
2025-12-25T20:56:34.993248,ETHUSDT,2948.54,28.96,2948.55,15.96
2025-12-25T20:56:35.103198,ETHUSDT,2948.54,29.46,2948.55,15.96
2025-12-25T20:56:35.217559,ETHUSDT,2948.54,29.46,2948.55,13.05
2025-12-25T20:56:35.303939,ETHUSDT,2948.54,28.96,2948.55,13.05
2025-12-25T20:56:35.714103,ETHUSDT,2948.54,29.46,2948.55,9.42
2025-12-25T20:56:35.846918,ETHUSDT,2948.54,28.96,2948.55,9.42
2025-12-25T20:56:35.872590,ETHUSDT,2948.54,29.46,2948.55,9.42
2025-12-25T20:56:35.972687,ETHUSDT,2948.54,28.96,2948.55,9.42
2025-12-25T20:56:36.051709,ETHUSDT,2948.54,29.46,2948.55,9.42
2025-12-25T20:56:36.064040,ETHUSDT,2948.54,29.46,2948.55,9.47
2025-12-25T20:56:36.132594,ETHUSDT,2948.54,28.96,2948.55,9.47
2025-12-25T20:56:36.272324,ETHUSDT,2948.54,29.46,2948.55,9.47
2025-12-25T20:56:36.373832,ETHUSDT,2948.54,28.96,2948.55,9.47
2025-12-25T20:56:36.563854,ETHUSDT,2948.54,29.46,2948.55,9.47
2025-12-25T20:56:36.727847,ETHUSDT,2948.54,28.96,2948.55,9.47
2025-12-25T20:56:36.846271,ETHUSDT,2948.54,29.46,2948.55,9.47
2025-12-25T20:56:36.934383,ETHUSDT,2948.54,28.96,2948.55,9.47
2025-12-25T20:56:37.144127,ETHUSDT,2948.54,29.46,2948.55,4.92
2025-12-25T20:56:37.181078,ETHUSDT,2948.54,29.46,2948.55,13.02
2025-12-25T20:56:37.186033,ETHUSDT,2948.54,28.66,2948.55,17.57
2025-12-25T20:56:37.193317,ETHUSDT,2948.54,28.66,2948.55,21.20
2025-12-25T20:56:37.243515,ETHUSDT,2948.54,28.27,2948.55,21.20
2025-12-25T20:56:37.266316,ETHUSDT,2948.54,27.77,2948.55,21.20
2025-12-25T20:56:37.272951,ETHUSDT,2948.54,26.67,2948.55,21.20
2025-12-25T20:56:37.323783,ETHUSDT,2948.54,21.48,2948.55,21.20
2025-12-25T20:56:37.843441,ETHUSDT,2948.54,18.57,2948.55,21.88
2025-12-25T20:56:37.883204,ETHUSDT,2948.54,18.57,2948.55,21.20
2025-12-25T20:56:37.923612,ETHUSDT,2948.54,18.57,2948.55,21.88
2025-12-25T20:56:38.022783,ETHUSDT,2948.54,18.57,2948.55,21.20
2025-12-25T20:56:38.040831,ETHUSDT,2948.54,18.57,2948.55,21.87
2025-12-25T20:56:38.098573,ETHUSDT,2948.54,21.48,2948.55,21.87
2025-12-25T20:56:38.133521,ETHUSDT,2948.54,21.48,2948.55,21.20
2025-12-25T20:56:38.233005,ETHUSDT,2948.54,21.48,2948.55,21.88
2025-12-25T20:56:38.305585,ETHUSDT,2948.54,21.48,2948.55,21.20
2025-12-25T20:56:38.604381,ETHUSDT,2948.54,21.48,2948.55,21.87
2025-12-25T20:56:38.640320,ETHUSDT,2948.54,21.48,2948.55,21.97
2025-12-25T20:56:38.824647,ETHUSDT,2948.54,21.48,2948.55,21.30
2025-12-25T20:56:39.050733,ETHUSDT,2948.54,21.48,2948.55,18.39
2025-12-25T20:56:39.053627,ETHUSDT,2948.54,21.48,2948.55,21.30
2025-12-25T20:56:39.086652,ETHUSDT,2948.54,21.48,2948.55,21.96
2025-12-25T20:56:39.276444,ETHUSDT,2948.54,21.48,2948.55,21.30
2025-12-25T20:56:39.883135,ETHUSDT,2948.54,21.48,2948.55,21.95
2025-12-25T20:56:40.073671,ETHUSDT,2948.54,21.48,2948.55,21.30
2025-12-25T20:56:40.469894,ETHUSDT,2948.54,21.48,2948.55,21.95
2025-12-25T20:56:40.548644,ETHUSDT,2948.54,21.48,2948.55,21.30
2025-12-25T20:56:40.793825,ETHUSDT,2948.54,21.48,2948.55,21.94
2025-12-25T20:56:40.907438,ETHUSDT,2948.54,21.48,2948.55,21.30
2025-12-25T20:56:41.447306,ETHUSDT,2948.54,21.48,2948.55,21.94
2025-12-25T20:56:41.473339,ETHUSDT,2948.54,16.93,2948.55,21.94
2025-12-25T20:56:41.574462,ETHUSDT,2948.54,4.93,2948.55,21.94
2025-12-25T20:56:41.640775,ETHUSDT,2948.54,2.02,2948.55,29.94
2025-12-25T20:56:41.653267,ETHUSDT,2948.54,1.14,2948.55,29.94
2025-12-25T20:56:41.893130,ETHUSDT,2948.54,4.35,2948.55,29.94
2025-12-25T20:56:41.903609,ETHUSDT,2948.54,9.54,2948.55,29.94
2025-12-25T20:56:42.136873,ETHUSDT,2948.54,9.54,2948.55,29.30
2025-12-25T20:56:42.375563,ETHUSDT,2948.54,9.54,2948.55,29.93
2025-12-25T20:56:42.464181,ETHUSDT,2948.54,9.54,2948.55,29.30
2025-12-25T20:56:42.765072,ETHUSDT,2948.54,9.54,2948.55,29.93
2025-12-25T20:56:43.334284,ETHUSDT,2948.54,9.54,2948.55,29.30
2025-12-25T20:56:43.335540,ETHUSDT,2948.54,9.54,2948.55,29.93
2025-12-25T20:56:43.335878,ETHUSDT,2948.54,9.54,2948.55,29.30
2025-12-25T20:56:43.336247,ETHUSDT,2948.54,9.54,2948.55,29.93
2025-12-25T20:56:43.343803,ETHUSDT,2948.54,9.54,2948.55,29.30
2025-12-25T20:56:43.374349,ETHUSDT,2948.54,9.54,2948.55,29.92
2025-12-25T20:56:43.513520,ETHUSDT,2948.54,9.54,2948.55,29.30
2025-12-25T20:56:43.532765,ETHUSDT,2948.46,0.53,2948.47,15.69
2025-12-25T20:56:43.560938,ETHUSDT,2948.44,0.01,2948.45,8.11
2025-12-25T20:56:43.562688,ETHUSDT,2948.44,6.85,2948.45,70.21
2025-12-25T20:56:43.577109,ETHUSDT,2948.44,9.76,2948.45,69.21
2025-12-25T20:56:43.577606,ETHUSDT,2948.44,9.76,2948.45,69.23
2025-12-25T20:56:43.608485,ETHUSDT,2948.44,27.11,2948.45,53.12
2025-12-25T20:56:43.623346,ETHUSDT,2948.44,27.11,2948.45,47.38
2025-12-25T20:56:43.633243,ETHUSDT,2948.44,27.11,2948.45,47.48
2025-12-25T20:56:43.654367,ETHUSDT,2948.44,27.58,2948.45,46.86
2025-12-25T20:56:43.664098,ETHUSDT,2948.44,27.58,2948.45,43.95
2025-12-25T20:56:43.673596,ETHUSDT,2948.44,27.11,2948.45,43.95
2025-12-25T20:56:43.683407,ETHUSDT,2948.44,27.17,2948.45,41.09
2025-12-25T20:56:43.734055,ETHUSDT,2948.44,27.17,2948.45,41.71
2025-12-25T20:56:43.833260,ETHUSDT,2948.44,27.17,2948.45,41.09
2025-12-25T20:56:43.995480,ETHUSDT,2948.44,23.46,2948.45,41.09
2025-12-25T20:56:44.024101,ETHUSDT,2948.44,26.37,2948.45,41.71
2025-12-25T20:56:44.169291,ETHUSDT,2948.44,26.37,2948.45,41.09
2025-12-25T20:56:44.524845,ETHUSDT,2948.44,26.37,2948.45,41.71
2025-12-25T20:56:44.613660,ETHUSDT,2948.44,26.37,2948.45,41.09
2025-12-25T20:56:44.767598,ETHUSDT,2948.44,26.37,2948.45,41.71
2025-12-25T20:56:44.863554,ETHUSDT,2948.44,26.37,2948.45,41.09
2025-12-25T20:56:45.055589,ETHUSDT,2948.44,26.37,2948.45,41.71
2025-12-25T20:56:45.083701,ETHUSDT,2948.44,26.37,2948.45,41.09
2025-12-25T20:56:45.105542,ETHUSDT,2948.44,26.37,2948.45,41.71
2025-12-25T20:56:45.123759,ETHUSDT,2948.44,26.37,2948.45,43.73
2025-12-25T20:56:45.211924,ETHUSDT,2948.44,26.37,2948.45,43.11
2025-12-25T20:56:45.374359,ETHUSDT,2948.44,26.37,2948.45,43.73
2025-12-25T20:56:45.472889,ETHUSDT,2948.44,26.37,2948.45,43.11
2025-12-25T20:56:45.632796,ETHUSDT,2948.44,26.37,2948.45,43.72
2025-12-25T20:56:45.723555,ETHUSDT,2948.44,26.37,2948.45,43.11
2025-12-25T20:56:46.063444,ETHUSDT,2948.44,26.37,2948.45,43.72
2025-12-25T20:56:46.086378,ETHUSDT,2948.44,26.43,2948.45,43.72
2025-12-25T20:56:46.116998,ETHUSDT,2948.44,26.44,2948.45,43.72
2025-12-25T20:56:46.204810,ETHUSDT,2948.44,26.44,2948.45,43.11
2025-12-25T20:56:46.353314,ETHUSDT,2948.44,26.44,2948.45,43.72
2025-12-25T20:56:46.403454,ETHUSDT,2948.44,26.44,2948.45,31.91
2025-12-25T20:56:46.443195,ETHUSDT,2948.44,26.44,2948.45,31.30
2025-12-25T20:56:46.575393,ETHUSDT,2948.44,27.24,2948.45,31.30
2025-12-25T20:56:47.485058,ETHUSDT,2948.44,27.24,2948.45,31.90
2025-12-25T20:56:47.608988,ETHUSDT,2948.44,27.71,2948.45,22.52
2025-12-25T20:56:47.612786,ETHUSDT,2948.44,28.59,2948.45,17.92
2025-12-25T20:56:47.663915,ETHUSDT,2948.44,28.12,2948.45,17.92
2025-12-25T20:56:47.672924,ETHUSDT,2948.44,28.59,2948.45,8.50
2025-12-25T20:56:47.693145,ETHUSDT,2948.44,29.59,2948.45,8.50
2025-12-25T20:56:47.833180,ETHUSDT,2948.44,29.91,2948.45,8.50
2025-12-25T20:56:48.533927,ETHUSDT,2948.44,28.79,2948.45,8.50
2025-12-25T20:56:48.823315,ETHUSDT,2948.44,28.79,2948.45,3.95
2025-12-25T20:56:49.961652,ETHUSDT,2948.44,28.79,2948.45,4.95
2025-12-25T20:56:49.962360,ETHUSDT,2948.44,28.47,2948.45,4.95
2025-12-25T20:56:49.962809,ETHUSDT,2948.44,28.79,2948.45,4.95
2025-12-25T20:56:49.993426,ETHUSDT,2948.44,28.74,2948.45,4.95
2025-12-25T20:56:50.083052,ETHUSDT,2948.44,28.68,2948.45,4.95
2025-12-25T20:56:51.194369,ETHUSDT,2948.44,28.68,2948.45,2.93
2025-12-25T20:56:51.253804,ETHUSDT,2948.44,29.18,2948.45,2.93
2025-12-25T20:56:52.763917,ETHUSDT,2948.44,29.99,2948.45,2.93
2025-12-25T20:56:53.244949,ETHUSDT,2948.44,28.68,2948.45,2.93
2025-12-25T20:56:53.248579,ETHUSDT,2948.44,29.18,2948.45,2.93
2025-12-25T20:56:54.146199,ETHUSDT,2948.44,29.18,2948.45,5.84
2025-12-25T20:56:54.152959,ETHUSDT,2948.44,28.68,2948.45,2.93
2025-12-25T20:56:54.693877,ETHUSDT,2948.44,28.68,2948.45,15.58
2025-12-25T20:56:54.703101,ETHUSDT,2948.44,27.88,2948.45,15.58
2025-12-25T20:56:54.724731,ETHUSDT,2948.44,27.41,2948.45,15.58
2025-12-25T20:56:54.783792,ETHUSDT,2948.44,27.89,2948.45,15.58
2025-12-25T20:56:54.911659,ETHUSDT,2948.44,27.41,2948.45,15.58
2025-12-25T20:56:54.928934,ETHUSDT,2948.44,27.41,2948.45,7.48
2025-12-25T20:56:55.572836,ETHUSDT,2948.44,27.75,2948.45,7.48
2025-12-25T20:56:55.633049,ETHUSDT,2948.44,27.75,2948.45,2.93
2025-12-25T20:56:55.817099,ETHUSDT,2948.44,28.24,2948.45,2.93
2025-12-25T20:56:57.373655,ETHUSDT,2948.44,28.19,2948.45,2.93
2025-12-25T20:56:57.695359,ETHUSDT,2948.44,28.69,2948.45,2.93
2025-12-25T20:56:58.055612,ETHUSDT,2948.44,28.69,2948.45,1.73
2025-12-25T20:56:58.055999,ETHUSDT,2948.44,29.66,2948.45,1.41
2025-12-25T20:56:58.567164,ETHUSDT,2948.44,28.85,2948.45,1.41
2025-12-25T20:56:58.567496,ETHUSDT,2948.44,28.69,2948.45,1.41
2025-12-25T20:56:58.613117,ETHUSDT,2948.44,28.69,2948.45,13.45
2025-12-25T20:56:58.623104,ETHUSDT,2948.44,28.19,2948.45,8.26
2025-12-25T20:56:58.633161,ETHUSDT,2948.44,27.70,2948.45,8.26
2025-12-25T20:56:58.643044,ETHUSDT,2948.44,27.70,2948.45,13.45
2025-12-25T20:56:59.664275,ETHUSDT,2948.44,27.70,2948.45,9.82
2025-12-25T20:56:59.693667,ETHUSDT,2948.44,9.84,2948.45,26.94
2025-12-25T20:56:59.719128,ETHUSDT,2948.44,2.31,2948.45,27.74
2025-12-25T20:56:59.737641,ETHUSDT,2948.44,1.73,2948.45,27.74
2025-12-25T20:56:59.738570,ETHUSDT,2948.44,0.73,2948.45,27.74
2025-12-25T20:56:59.953733,ETHUSDT,2948.44,0.43,2948.45,27.74
2025-12-25T20:57:00.093129,ETHUSDT,2948.44,0.43,2948.45,27.84
2025-12-25T20:57:00.125077,ETHUSDT,2948.44,0.52,2948.45,27.84
2025-12-25T20:57:00.182718,ETHUSDT,2948.38,0.02,2948.39,90.03
2025-12-25T20:57:00.193352,ETHUSDT,2948.29,0.10,2948.30,3.04
2025-12-25T20:57:00.209332,ETHUSDT,2948.28,0.04,2948.29,155.32
2025-12-25T20:57:00.212500,ETHUSDT,2948.28,0.04,2948.29,146.23
2025-12-25T20:57:00.226536,ETHUSDT,2948.22,0.33,2948.23,59.92
2025-12-25T20:57:00.234246,ETHUSDT,2948.22,0.34,2948.23,99.29
2025-12-25T20:57:00.243774,ETHUSDT,2948.22,1.69,2948.23,104.71
2025-12-25T20:57:00.254664,ETHUSDT,2948.19,0.02,2948.20,1.08
2025-12-25T20:57:00.265412,ETHUSDT,2948.19,6.40,2948.20,59.78
2025-12-25T20:57:00.272853,ETHUSDT,2948.19,2.19,2948.20,92.87
2025-12-25T20:57:00.283264,ETHUSDT,2948.19,1.00,2948.20,92.87
2025-12-25T20:57:00.308566,ETHUSDT,2948.19,0.02,2948.20,92.87
2025-12-25T20:57:00.335097,ETHUSDT,2948.19,0.02,2948.20,93.74
2025-12-25T20:57:00.335599,ETHUSDT,2948.07,0.61,2948.08,7.16
2025-12-25T20:57:00.336103,ETHUSDT,2947.93,9.68,2948.07,10.12
2025-12-25T20:57:00.343392,ETHUSDT,2947.94,14.46,2947.95,32.02
2025-12-25T20:57:00.352932,ETHUSDT,2947.94,11.99,2947.95,32.32
2025-12-25T20:57:00.365195,ETHUSDT,2947.94,12.31,2947.95,65.39
2025-12-25T20:57:00.373853,ETHUSDT,2947.94,15.22,2947.95,65.39
2025-12-25T20:57:00.392894,ETHUSDT,2947.94,15.22,2947.95,65.41
2025-12-25T20:57:00.408326,ETHUSDT,2947.94,14.90,2947.95,65.41
2025-12-25T20:57:00.413329,ETHUSDT,2947.94,18.29,2947.95,65.41
2025-12-25T20:57:00.443566,ETHUSDT,2947.94,18.63,2947.95,65.41
2025-12-25T20:57:00.474242,ETHUSDT,2947.94,18.69,2947.95,65.41
2025-12-25T20:57:00.483072,ETHUSDT,2947.94,8.20,2947.95,65.41
2025-12-25T20:57:00.492439,ETHUSDT,2947.94,8.20,2947.95,32.34
2025-12-25T20:57:00.504493,ETHUSDT,2947.94,7.20,2947.95,32.34
2025-12-25T20:57:00.534334,ETHUSDT,2947.94,3.81,2947.95,32.32
2025-12-25T20:57:00.572954,ETHUSDT,2947.94,8.36,2947.95,32.32
2025-12-25T20:57:00.583194,ETHUSDT,2947.94,11.27,2947.95,32.32
2025-12-25T20:57:00.593487,ETHUSDT,2947.94,11.27,2947.95,32.42
2025-12-25T20:57:00.633238,ETHUSDT,2947.94,14.90,2947.95,28.79
2025-12-25T20:57:00.674749,ETHUSDT,2947.94,14.90,2947.95,28.89
2025-12-25T20:57:00.703872,ETHUSDT,2947.94,11.99,2947.95,28.89
2025-12-25T20:57:00.727608,ETHUSDT,2947.94,14.90,2947.95,28.89
2025-12-25T20:57:00.823726,ETHUSDT,2947.94,11.99,2947.95,28.89
2025-12-25T20:57:01.044529,ETHUSDT,2947.94,14.90,2947.95,28.89
2025-12-25T20:57:01.293602,ETHUSDT,2947.94,8.60,2947.95,28.89
2025-12-25T20:57:01.353292,ETHUSDT,2947.94,4.97,2947.95,28.89
2025-12-25T20:57:01.363006,ETHUSDT,2947.94,0.42,2947.95,28.89
2025-12-25T20:57:01.372752,ETHUSDT,2947.84,0.01,2947.94,3.04
2025-12-25T20:57:01.383123,ETHUSDT,2947.84,0.31,2947.85,65.79
2025-12-25T20:57:01.392746,ETHUSDT,2947.83,5.51,2947.84,98.61
2025-12-25T20:57:01.403226,ETHUSDT,2947.83,0.33,2947.84,98.92
2025-12-25T20:57:01.433205,ETHUSDT,2947.83,12.01,2947.84,95.34
2025-12-25T20:57:01.443674,ETHUSDT,2947.83,20.19,2947.84,76.90
2025-12-25T20:57:01.463234,ETHUSDT,2947.83,23.58,2947.84,76.90
2025-12-25T20:57:01.472898,ETHUSDT,2947.83,24.63,2947.84,76.90
2025-12-25T20:57:01.483113,ETHUSDT,2947.83,18.48,2947.84,76.90
2025-12-25T20:57:01.493259,ETHUSDT,2947.83,18.32,2947.84,76.90
2025-12-25T20:57:01.514889,ETHUSDT,2947.83,21.25,2947.84,43.40
2025-12-25T20:57:01.537255,ETHUSDT,2947.83,22.13,2947.84,43.40
2025-12-25T20:57:01.537807,ETHUSDT,2947.83,22.19,2947.84,43.40
2025-12-25T20:57:01.693414,ETHUSDT,2947.83,22.19,2947.84,43.50
2025-12-25T20:57:01.713552,ETHUSDT,2947.83,19.28,2947.84,43.50
2025-12-25T20:57:01.773418,ETHUSDT,2947.83,22.19,2947.84,43.50
2025-12-25T20:57:01.885137,ETHUSDT,2947.83,19.28,2947.84,43.50
2025-12-25T20:57:01.893999,ETHUSDT,2947.83,19.28,2947.84,43.60
2025-12-25T20:57:02.046706,ETHUSDT,2947.83,18.77,2947.84,43.60
2025-12-25T20:57:02.053158,ETHUSDT,2947.83,7.98,2947.84,43.60
2025-12-25T20:57:02.085354,ETHUSDT,2947.83,4.35,2947.84,43.60
2025-12-25T20:57:02.085974,ETHUSDT,2947.83,0.96,2947.84,43.60
2025-12-25T20:57:02.093126,ETHUSDT,2947.83,0.08,2947.84,43.60
2025-12-25T20:57:02.137758,ETHUSDT,2947.73,0.36,2947.81,1.43
2025-12-25T20:57:02.143564,ETHUSDT,2947.72,0.34,2947.73,74.93
2025-12-25T20:57:02.153842,ETHUSDT,2947.72,0.64,2947.73,98.69
2025-12-25T20:57:02.173597,ETHUSDT,2947.72,0.64,2947.73,98.71
2025-12-25T20:57:02.208995,ETHUSDT,2947.72,0.70,2947.73,98.71
2025-12-25T20:57:02.439156,ETHUSDT,2947.72,0.70,2947.73,98.81
2025-12-25T20:57:02.440050,ETHUSDT,2947.72,0.71,2947.73,98.81
2025-12-25T20:57:02.534004,ETHUSDT,2947.72,0.71,2947.73,97.72
2025-12-25T20:57:02.693740,ETHUSDT,2947.72,0.71,2947.73,97.70
2025-12-25T20:57:02.704421,ETHUSDT,2947.72,0.71,2947.73,97.80
2025-12-25T20:57:02.833436,ETHUSDT,2947.72,0.71,2947.73,97.81
2025-12-25T20:57:04.199573,ETHUSDT,2947.72,0.71,2947.73,64.09
2025-12-25T20:57:04.200452,ETHUSDT,2947.72,1.59,2947.73,64.09
2025-12-25T20:57:04.454266,ETHUSDT,2947.72,1.59,2947.73,63.99
2025-12-25T20:57:04.523000,ETHUSDT,2947.72,1.29,2947.73,63.99
2025-12-25T20:57:04.873181,ETHUSDT,2947.72,2.39,2947.73,63.99
2025-12-25T20:57:04.883148,ETHUSDT,2947.72,38.62,2947.73,1.90
2025-12-25T20:57:04.892860,ETHUSDT,2947.72,38.62,2947.73,8.13
2025-12-25T20:57:04.913969,ETHUSDT,2947.72,38.62,2947.73,7.02
2025-12-25T20:57:04.923040,ETHUSDT,2947.72,39.09,2947.73,16.76
2025-12-25T20:57:05.037609,ETHUSDT,2947.72,39.09,2947.73,0.53
2025-12-25T20:57:05.429605,ETHUSDT,2947.72,35.78,2947.73,7.32
2025-12-25T20:57:05.430576,ETHUSDT,2947.72,35.31,2947.73,7.32
2025-12-25T20:57:05.431032,ETHUSDT,2947.72,35.34,2947.73,7.32
2025-12-25T20:57:05.431468,ETHUSDT,2947.72,35.34,2947.73,12.51
2025-12-25T20:57:05.431989,ETHUSDT,2947.72,35.34,2947.73,17.06
2025-12-25T20:57:05.946455,ETHUSDT,2947.72,35.34,2947.73,8.29
2025-12-25T20:57:06.083127,ETHUSDT,2947.72,35.47,2947.73,8.29
2025-12-25T20:57:06.144692,ETHUSDT,2947.72,35.47,2947.73,13.48
2025-12-25T20:57:06.354028,ETHUSDT,2947.72,35.47,2947.73,14.48
2025-12-25T20:57:07.223087,ETHUSDT,2947.72,35.39,2947.73,14.48
2025-12-25T20:57:07.232876,ETHUSDT,2947.72,35.39,2947.73,18.48
2025-12-25T20:57:07.363375,ETHUSDT,2947.72,35.36,2947.73,18.48
2025-12-25T20:57:08.044365,ETHUSDT,2947.72,35.36,2947.73,13.29
2025-12-25T20:57:08.244916,ETHUSDT,2947.72,35.36,2947.73,13.98
2025-12-25T20:57:09.383695,ETHUSDT,2947.72,34.26,2947.73,17.61
2025-12-25T20:57:09.393536,ETHUSDT,2947.72,31.35,2947.73,17.61
2025-12-25T20:57:09.423625,ETHUSDT,2947.72,14.71,2947.73,17.61
2025-12-25T20:57:09.434025,ETHUSDT,2947.72,14.71,2947.73,20.71
2025-12-25T20:57:09.453616,ETHUSDT,2947.72,14.71,2947.73,20.73
2025-12-25T20:57:09.472996,ETHUSDT,2947.72,14.71,2947.73,20.71
2025-12-25T20:57:09.493078,ETHUSDT,2947.72,17.62,2947.73,20.71
2025-12-25T20:57:09.523843,ETHUSDT,2947.72,14.71,2947.73,20.71
2025-12-25T20:57:09.773066,ETHUSDT,2947.72,13.96,2947.73,20.71
2025-12-25T20:57:09.783482,ETHUSDT,2947.72,13.96,2947.73,21.14
2025-12-25T20:57:09.792727,ETHUSDT,2947.72,22.05,2947.73,21.14
2025-12-25T20:57:09.804614,ETHUSDT,2947.72,22.06,2947.73,22.74
2025-12-25T20:57:09.843910,ETHUSDT,2947.72,22.13,2947.73,22.74
2025-12-25T20:57:10.034677,ETHUSDT,2947.72,25.04,2947.73,22.74
2025-12-25T20:57:10.093598,ETHUSDT,2947.72,25.04,2947.73,21.14
2025-12-25T20:57:10.136756,ETHUSDT,2947.72,22.13,2947.73,21.14
2025-12-25T20:57:10.144680,ETHUSDT,2947.72,22.13,2947.73,22.74
2025-12-25T20:57:10.793216,ETHUSDT,2947.72,25.04,2947.73,22.74
2025-12-25T20:57:10.804211,ETHUSDT,2947.72,25.04,2947.73,21.14
2025-12-25T20:57:11.063721,ETHUSDT,2947.72,22.13,2947.73,21.14
2025-12-25T20:57:11.094137,ETHUSDT,2947.72,22.13,2947.73,21.16
2025-12-25T20:57:11.133264,ETHUSDT,2947.72,25.04,2947.73,21.16
2025-12-25T20:57:11.144049,ETHUSDT,2947.72,25.04,2947.73,21.08
2025-12-25T20:57:11.153270,ETHUSDT,2947.72,25.04,2947.73,17.46
2025-12-25T20:57:11.193342,ETHUSDT,2947.72,25.05,2947.73,17.46
2025-12-25T20:57:11.243003,ETHUSDT,2947.72,22.14,2947.73,21.09
2025-12-25T20:57:11.333569,ETHUSDT,2947.72,18.51,2947.73,21.09
2025-12-25T20:57:11.483778,ETHUSDT,2947.72,8.77,2947.73,27.27
2025-12-25T20:57:11.513338,ETHUSDT,2947.72,8.77,2947.73,27.25
2025-12-25T20:57:11.523433,ETHUSDT,2947.72,8.78,2947.73,27.25
2025-12-25T20:57:11.564011,ETHUSDT,2947.72,8.78,2947.73,27.74
2025-12-25T20:57:11.982668,ETHUSDT,2947.72,8.78,2947.73,27.25
2025-12-25T20:57:11.993392,ETHUSDT,2947.72,16.88,2947.73,27.25
2025-12-25T20:57:12.500258,ETHUSDT,2947.72,17.34,2947.73,24.71
2025-12-25T20:57:12.501000,ETHUSDT,2947.72,16.88,2947.73,24.71
2025-12-25T20:57:12.612546,ETHUSDT,2947.72,13.97,2947.73,24.71
2025-12-25T20:57:12.754243,ETHUSDT,2947.72,16.88,2947.73,24.71
2025-12-25T20:57:13.073004,ETHUSDT,2947.72,16.88,2947.73,27.43
2025-12-25T20:57:13.144248,ETHUSDT,2947.72,13.97,2947.73,27.43
2025-12-25T20:57:13.183752,ETHUSDT,2947.72,8.78,2947.73,27.43
2025-12-25T20:57:13.233320,ETHUSDT,2947.72,8.78,2947.73,27.45
2025-12-25T20:57:13.643860,ETHUSDT,2947.72,13.97,2947.73,27.45
2025-12-25T20:57:13.653202,ETHUSDT,2947.72,16.88,2947.73,27.45
2025-12-25T20:57:13.675539,ETHUSDT,2947.72,16.88,2947.73,27.43
2025-12-25T20:57:13.683717,ETHUSDT,2947.72,16.88,2947.73,27.91
2025-12-25T20:57:15.023980,ETHUSDT,2947.72,17.00,2947.73,27.91
2025-12-25T20:57:15.713453,ETHUSDT,2947.72,17.01,2947.73,27.91
2025-12-25T20:57:15.933024,ETHUSDT,2947.72,17.01,2947.73,27.43
2025-12-25T20:57:15.968252,ETHUSDT,2947.72,17.00,2947.73,27.43
2025-12-25T20:57:16.015260,ETHUSDT,2947.72,17.00,2947.73,27.90
2025-12-25T20:57:16.113654,ETHUSDT,2947.72,17.00,2947.73,27.43
2025-12-25T20:57:16.165046,ETHUSDT,2947.72,14.09,2947.73,27.43
2025-12-25T20:57:16.172674,ETHUSDT,2947.72,17.00,2947.73,27.90
2025-12-25T20:57:16.282958,ETHUSDT,2947.72,17.00,2947.73,27.43
2025-12-25T20:57:16.305254,ETHUSDT,2947.72,17.00,2947.73,27.90
2025-12-25T20:57:16.374278,ETHUSDT,2947.72,17.00,2947.73,27.43
2025-12-25T20:57:16.615083,ETHUSDT,2947.72,17.00,2947.73,27.90
2025-12-25T20:57:16.694354,ETHUSDT,2947.72,17.00,2947.73,27.43
2025-12-25T20:57:16.707330,ETHUSDT,2947.72,17.00,2947.73,27.90
2025-12-25T20:57:16.713109,ETHUSDT,2947.72,11.81,2947.73,27.90
2025-12-25T20:57:16.894933,ETHUSDT,2947.72,11.81,2947.73,27.43
2025-12-25T20:57:16.907307,ETHUSDT,2947.72,11.81,2947.73,27.90
2025-12-25T20:57:17.004513,ETHUSDT,2947.72,11.81,2947.73,27.43
2025-12-25T20:57:17.493475,ETHUSDT,2947.72,11.81,2947.73,27.90
2025-12-25T20:57:17.552738,ETHUSDT,2947.72,3.72,2947.73,27.43
2025-12-25T20:57:17.563517,ETHUSDT,2947.72,8.91,2947.73,27.43
2025-12-25T20:57:18.226502,ETHUSDT,2947.72,8.91,2947.73,27.90
2025-12-25T20:57:18.324202,ETHUSDT,2947.72,8.91,2947.73,27.43
2025-12-25T20:57:18.433940,ETHUSDT,2947.72,8.91,2947.73,28.43
2025-12-25T20:57:18.466164,ETHUSDT,2947.72,3.72,2947.73,28.43
2025-12-25T20:57:18.583648,ETHUSDT,2947.72,0.81,2947.73,28.90
2025-12-25T20:57:18.726162,ETHUSDT,2947.72,0.91,2947.73,28.90
2025-12-25T20:57:18.743315,ETHUSDT,2947.72,3.82,2947.73,28.90
2025-12-25T20:57:18.843515,ETHUSDT,2947.72,3.82,2947.73,28.43
2025-12-25T20:57:19.033628,ETHUSDT,2947.72,3.83,2947.73,28.43
2025-12-25T20:57:19.046039,ETHUSDT,2947.72,3.83,2947.73,28.89
2025-12-25T20:57:19.154412,ETHUSDT,2947.72,3.83,2947.73,28.43
2025-12-25T20:57:19.323926,ETHUSDT,2947.72,9.02,2947.73,28.89
2025-12-25T20:57:19.372960,ETHUSDT,2947.72,8.96,2947.73,28.89
2025-12-25T20:57:19.473368,ETHUSDT,2947.72,8.96,2947.73,28.43
2025-12-25T20:57:19.586784,ETHUSDT,2947.72,3.77,2947.73,28.89
2025-12-25T20:57:19.675252,ETHUSDT,2947.72,3.77,2947.73,28.43
2025-12-25T20:57:19.784249,ETHUSDT,2947.72,3.77,2947.73,28.89
2025-12-25T20:57:19.882850,ETHUSDT,2947.72,3.77,2947.73,28.43
2025-12-25T20:57:20.043583,ETHUSDT,2947.72,3.77,2947.73,28.89
2025-12-25T20:57:20.123997,ETHUSDT,2947.72,0.86,2947.73,28.89
2025-12-25T20:57:20.159482,ETHUSDT,2947.72,0.80,2947.73,28.89
2025-12-25T20:57:20.187223,ETHUSDT,2947.72,8.90,2947.73,28.89
2025-12-25T20:57:20.252860,ETHUSDT,2947.72,3.71,2947.73,28.89
2025-12-25T20:57:20.353099,ETHUSDT,2947.72,8.90,2947.73,28.43
2025-12-25T20:57:20.393309,ETHUSDT,2947.72,8.90,2947.73,28.89
2025-12-25T20:57:20.493977,ETHUSDT,2947.72,8.90,2947.73,28.43
2025-12-25T20:57:20.624153,ETHUSDT,2947.72,3.71,2947.73,28.43
2025-12-25T20:57:20.643336,ETHUSDT,2947.72,8.90,2947.73,28.43
2025-12-25T20:57:20.663126,ETHUSDT,2947.72,8.90,2947.73,28.89
2025-12-25T20:57:20.769447,ETHUSDT,2947.72,8.90,2947.73,28.43
2025-12-25T20:57:20.789863,ETHUSDT,2947.72,8.90,2947.73,28.89
2025-12-25T20:57:20.823586,ETHUSDT,2947.72,3.71,2947.73,28.89
2025-12-25T20:57:20.835202,ETHUSDT,2947.72,0.80,2947.73,28.89
2025-12-25T20:57:20.864567,ETHUSDT,2947.72,5.44,2947.73,28.89
2025-12-25T20:57:20.872798,ETHUSDT,2947.72,2.53,2947.73,28.43
2025-12-25T20:57:20.893398,ETHUSDT,2947.72,5.44,2947.73,28.43
2025-12-25T20:57:20.934017,ETHUSDT,2947.72,10.63,2947.73,28.43
2025-12-25T20:57:20.963773,ETHUSDT,2947.72,10.57,2947.73,28.43
2025-12-25T20:57:20.972972,ETHUSDT,2947.72,10.57,2947.73,28.89
2025-12-25T20:57:21.077767,ETHUSDT,2947.72,10.57,2947.73,28.43
2025-12-25T20:57:21.085997,ETHUSDT,2947.72,5.38,2947.73,28.89
2025-12-25T20:57:21.113482,ETHUSDT,2947.72,5.38,2947.73,28.91
2025-12-25T20:57:21.184239,ETHUSDT,2947.72,5.38,2947.73,28.45
2025-12-25T20:57:21.204665,ETHUSDT,2947.72,5.38,2947.73,28.91
2025-12-25T20:57:21.305047,ETHUSDT,2947.72,5.38,2947.73,28.45
2025-12-25T20:57:21.393785,ETHUSDT,2947.72,5.38,2947.73,28.91
2025-12-25T20:57:21.474053,ETHUSDT,2947.72,5.38,2947.73,28.45
2025-12-25T20:57:21.536060,ETHUSDT,2947.72,5.32,2947.73,28.91
2025-12-25T20:57:21.615092,ETHUSDT,2947.72,5.32,2947.73,28.89
2025-12-25T20:57:21.624482,ETHUSDT,2947.72,5.32,2947.73,28.43
2025-12-25T20:57:21.724992,ETHUSDT,2947.72,5.32,2947.73,28.89
2025-12-25T20:57:21.824290,ETHUSDT,2947.72,5.32,2947.73,28.43
2025-12-25T20:57:22.163987,ETHUSDT,2947.72,5.32,2947.73,28.89
2025-12-25T20:57:22.354698,ETHUSDT,2947.72,5.32,2947.73,28.43
2025-12-25T20:57:22.563061,ETHUSDT,2947.72,5.32,2947.73,28.89
2025-12-25T20:57:22.655860,ETHUSDT,2947.72,5.32,2947.73,28.87
2025-12-25T20:57:22.744618,ETHUSDT,2947.72,5.32,2947.73,28.41
2025-12-25T20:57:23.094637,ETHUSDT,2947.72,10.51,2947.73,28.41
2025-12-25T20:57:23.584006,ETHUSDT,2947.72,10.52,2947.73,28.41
2025-12-25T20:57:24.168584,ETHUSDT,2947.72,10.52,2947.73,28.87
2025-12-25T20:57:24.169283,ETHUSDT,2947.62,1.64,2947.67,4.60
2025-12-25T20:57:24.169713,ETHUSDT,2947.62,14.58,2947.63,32.05
2025-12-25T20:57:24.170137,ETHUSDT,2947.62,15.38,2947.63,32.24
2025-12-25T20:57:24.170559,ETHUSDT,2947.62,15.38,2947.63,22.63
2025-12-25T20:57:24.170976,ETHUSDT,2947.62,26.70,2947.63,21.29
2025-12-25T20:57:24.171420,ETHUSDT,2947.62,26.70,2947.63,4.95
2025-12-25T20:57:24.171859,ETHUSDT,2947.62,26.54,2947.63,4.95
2025-12-25T20:57:24.172948,ETHUSDT,2947.62,26.54,2947.63,13.05
2025-12-25T20:57:24.233808,ETHUSDT,2947.62,26.65,2947.63,13.05
2025-12-25T20:57:24.243544,ETHUSDT,2947.62,26.74,2947.63,13.05
2025-12-25T20:57:24.434416,ETHUSDT,2947.62,26.74,2947.63,7.86
2025-12-25T20:57:24.444003,ETHUSDT,2947.62,26.74,2947.63,4.62
2025-12-25T20:57:24.584003,ETHUSDT,2947.62,25.36,2947.63,4.62
2025-12-25T20:57:24.634289,ETHUSDT,2947.62,25.36,2947.63,16.78
2025-12-25T20:57:25.090671,ETHUSDT,2947.62,25.36,2947.63,13.87
2025-12-25T20:57:25.091573,ETHUSDT,2947.62,25.53,2947.63,13.87
2025-12-25T20:57:25.143391,ETHUSDT,2947.62,25.53,2947.63,16.78
2025-12-25T20:57:25.193760,ETHUSDT,2947.62,25.12,2947.63,16.78
2025-12-25T20:57:25.223475,ETHUSDT,2947.62,25.54,2947.63,16.78
2025-12-25T20:57:25.253221,ETHUSDT,2947.62,25.54,2947.63,13.87
2025-12-25T20:57:25.273278,ETHUSDT,2947.62,25.54,2947.63,12.99
2025-12-25T20:57:25.773371,ETHUSDT,2947.62,26.68,2947.63,12.99
2025-12-25T20:57:25.884984,ETHUSDT,2947.62,27.18,2947.63,12.99
2025-12-25T20:57:27.343356,ETHUSDT,2947.62,27.18,2947.63,3.74
2025-12-25T20:57:27.353213,ETHUSDT,2947.62,28.03,2947.63,3.74
2025-12-25T20:57:27.363329,ETHUSDT,2947.62,29.03,2947.63,3.74
2025-12-25T20:57:28.043901,ETHUSDT,2947.62,28.53,2947.63,3.74
2025-12-25T20:57:28.065316,ETHUSDT,2947.62,27.53,2947.63,3.74
2025-12-25T20:57:28.571721,ETHUSDT,2947.62,28.53,2947.63,3.74
2025-12-25T20:57:28.572128,ETHUSDT,2947.62,27.53,2947.63,3.74
2025-12-25T20:57:28.572469,ETHUSDT,2947.62,28.55,2947.63,3.74
2025-12-25T20:57:28.727491,ETHUSDT,2947.62,29.05,2947.63,3.74
2025-12-25T20:57:29.081232,ETHUSDT,2947.62,28.20,2947.63,3.74
2025-12-25T20:57:30.517367,ETHUSDT,2947.62,27.70,2947.63,3.74
2025-12-25T20:57:32.566458,ETHUSDT,2947.62,26.68,2947.63,3.74
2025-12-25T20:57:32.573136,ETHUSDT,2947.62,27.66,2947.63,3.74
2025-12-25T20:57:33.283463,ETHUSDT,2947.62,27.66,2947.63,3.48
2025-12-25T20:57:33.354109,ETHUSDT,2947.62,27.76,2947.63,3.48
2025-12-25T20:57:36.456941,ETHUSDT,2947.62,27.79,2947.63,3.48
2025-12-25T20:57:36.457398,ETHUSDT,2947.62,27.85,2947.63,3.48
2025-12-25T20:57:37.274804,ETHUSDT,2947.62,27.86,2947.63,3.48
2025-12-25T20:57:37.276197,ETHUSDT,2947.62,28.20,2947.63,3.48
2025-12-25T20:57:37.433590,ETHUSDT,2947.62,28.23,2947.63,3.48
2025-12-25T20:57:37.434680,ETHUSDT,2947.62,28.22,2947.63,3.48
2025-12-25T20:57:38.364125,ETHUSDT,2947.62,28.25,2947.63,3.48
2025-12-25T20:57:39.006066,ETHUSDT,2947.62,27.83,2947.63,3.48
2025-12-25T20:57:39.364278,ETHUSDT,2947.62,27.86,2947.63,3.48
2025-12-25T20:57:40.366289,ETHUSDT,2947.62,27.89,2947.63,3.48
2025-12-25T20:57:41.383239,ETHUSDT,2947.62,27.86,2947.63,3.48
2025-12-25T20:57:41.383903,ETHUSDT,2947.62,27.83,2947.63,3.48
2025-12-25T20:57:43.317011,ETHUSDT,2947.62,27.63,2947.63,3.48
2025-12-25T20:57:43.365887,ETHUSDT,2947.62,27.57,2947.63,3.48
2025-12-25T20:57:44.534096,ETHUSDT,2947.62,27.89,2947.63,3.48
2025-12-25T20:57:44.666027,ETHUSDT,2947.62,27.89,2947.63,3.38
2025-12-25T20:57:44.964178,ETHUSDT,2947.62,27.90,2947.63,3.38
2025-12-25T20:57:45.227774,ETHUSDT,2947.62,27.90,2947.63,3.22
2025-12-25T20:57:45.370329,ETHUSDT,2947.62,27.93,2947.63,3.22
2025-12-25T20:57:45.644992,ETHUSDT,2947.62,27.92,2947.63,3.22
2025-12-25T20:57:46.364464,ETHUSDT,2947.62,27.95,2947.63,3.22
2025-12-25T20:57:46.373114,ETHUSDT,2947.62,27.95,2947.63,3.09
2025-12-25T20:57:46.884339,ETHUSDT,2947.62,27.95,2947.63,3.01
2025-12-25T20:57:47.376325,ETHUSDT,2947.62,27.98,2947.63,3.01
2025-12-25T20:57:48.363570,ETHUSDT,2947.62,28.01,2947.63,3.01
2025-12-25T20:57:48.373624,ETHUSDT,2947.62,28.86,2947.63,3.01
2025-12-25T20:57:49.369906,ETHUSDT,2947.62,28.89,2947.63,3.01
2025-12-25T20:57:49.525908,ETHUSDT,2947.62,28.89,2947.63,2.94
2025-12-25T20:57:49.543477,ETHUSDT,2947.62,28.89,2947.63,1.16
2025-12-25T20:57:49.622539,ETHUSDT,2947.62,28.89,2947.63,0.30
2025-12-25T20:57:49.753944,ETHUSDT,2947.62,28.89,2947.63,0.22
2025-12-25T20:57:50.364914,ETHUSDT,2947.62,28.92,2947.63,0.22
2025-12-25T20:57:51.364281,ETHUSDT,2947.62,28.95,2947.63,0.22
2025-12-25T20:57:52.134384,ETHUSDT,2947.72,0.80,2947.73,0.62
2025-12-25T20:57:52.144206,ETHUSDT,2947.72,49.99,2947.73,0.63
2025-12-25T20:57:52.153075,ETHUSDT,2947.72,50.05,2947.73,0.63
2025-12-25T20:57:52.163453,ETHUSDT,2947.72,50.17,2947.73,0.63
2025-12-25T20:57:52.173006,ETHUSDT,2947.72,52.19,2947.73,0.63
2025-12-25T20:57:52.236387,ETHUSDT,2947.72,52.30,2947.73,0.63
2025-12-25T20:57:52.404586,ETHUSDT,2947.72,52.40,2947.73,0.63
2025-12-25T20:57:52.664106,ETHUSDT,2947.72,52.41,2947.73,0.63
2025-12-25T20:57:53.057425,ETHUSDT,2947.72,51.56,2947.73,0.63
2025-12-25T20:57:53.076084,ETHUSDT,2947.72,51.38,2947.73,0.63
2025-12-25T20:57:53.168587,ETHUSDT,2947.72,51.38,2947.73,0.90
2025-12-25T20:57:53.222747,ETHUSDT,2947.72,51.39,2947.73,0.90
2025-12-25T20:57:53.365679,ETHUSDT,2947.72,51.38,2947.73,0.90
2025-12-25T20:57:53.423705,ETHUSDT,2947.72,38.92,2947.73,9.01
2025-12-25T20:57:53.433453,ETHUSDT,2947.72,38.13,2947.73,13.56
2025-12-25T20:57:53.474399,ETHUSDT,2947.72,37.63,2947.73,9.01
2025-12-25T20:57:54.005298,ETHUSDT,2947.72,37.63,2947.73,6.10
2025-12-25T20:57:54.014797,ETHUSDT,2947.72,38.13,2947.73,6.10
2025-12-25T20:57:54.212399,ETHUSDT,2947.72,38.13,2947.73,9.01
2025-12-25T20:57:54.862544,ETHUSDT,2947.72,38.14,2947.73,9.01
2025-12-25T20:57:55.056879,ETHUSDT,2947.72,38.14,2947.73,6.10
2025-12-25T20:57:55.085708,ETHUSDT,2947.72,37.54,2947.73,6.10
2025-12-25T20:57:55.144052,ETHUSDT,2947.72,37.54,2947.73,9.01
2025-12-25T20:57:55.153570,ETHUSDT,2947.72,37.04,2947.73,9.01
2025-12-25T20:57:55.558960,ETHUSDT,2947.72,37.04,2947.73,10.01
2025-12-25T20:57:55.593664,ETHUSDT,2947.72,37.05,2947.73,10.01
2025-12-25T20:57:56.117969,ETHUSDT,2947.72,36.84,2947.73,18.43
2025-12-25T20:57:56.143414,ETHUSDT,2947.72,33.74,2947.73,18.43
2025-12-25T20:57:56.863170,ETHUSDT,2947.72,33.74,2947.73,21.40
2025-12-25T20:57:57.184002,ETHUSDT,2947.72,33.74,2947.73,23.44
2025-12-25T20:57:57.193207,ETHUSDT,2947.72,33.74,2947.73,23.45
2025-12-25T20:57:57.966665,ETHUSDT,2947.72,33.74,2947.73,21.40
2025-12-25T20:57:57.993815,ETHUSDT,2947.72,33.74,2947.73,18.43
2025-12-25T20:57:58.033980,ETHUSDT,2947.72,33.74,2947.73,18.45
2025-12-25T20:57:58.194532,ETHUSDT,2947.72,30.16,2947.73,18.45
2025-12-25T20:57:58.533816,ETHUSDT,2947.72,30.16,2947.73,18.43
2025-12-25T20:57:58.907700,ETHUSDT,2947.72,30.16,2947.73,15.52
2025-12-25T20:57:59.105563,ETHUSDT,2947.72,30.16,2947.73,18.43
2025-12-25T20:57:59.364014,ETHUSDT,2947.72,31.87,2947.73,18.43
2025-12-25T20:57:59.624217,ETHUSDT,2947.72,31.87,2947.73,18.18
2025-12-25T20:58:00.113223,ETHUSDT,2947.72,31.87,2947.73,15.27
2025-12-25T20:58:00.114128,ETHUSDT,2947.72,31.87,2947.73,18.18
2025-12-25T20:58:00.123512,ETHUSDT,2947.72,27.23,2947.73,22.73
2025-12-25T20:58:00.154159,ETHUSDT,2947.72,26.34,2947.73,22.75
2025-12-25T20:58:00.165306,ETHUSDT,2947.72,23.81,2947.73,22.75
2025-12-25T20:58:00.214401,ETHUSDT,2947.72,4.01,2947.73,22.75
2025-12-25T20:58:00.228122,ETHUSDT,2947.72,2.97,2947.73,23.55
2025-12-25T20:58:00.240551,ETHUSDT,2947.72,2.97,2947.73,24.43
2025-12-25T20:58:00.245381,ETHUSDT,2947.72,2.67,2947.73,24.43
2025-12-25T20:58:00.256071,ETHUSDT,2947.72,2.97,2947.73,24.43
2025-12-25T20:58:00.375075,ETHUSDT,2947.72,2.97,2947.73,24.45
2025-12-25T20:58:00.483849,ETHUSDT,2947.72,2.91,2947.73,24.45
2025-12-25T20:58:00.553813,ETHUSDT,2947.72,2.91,2947.73,24.43
2025-12-25T20:58:00.596105,ETHUSDT,2947.72,2.00,2947.73,24.43
2025-12-25T20:58:01.136049,ETHUSDT,2947.72,2.00,2947.73,24.45
2025-12-25T20:58:01.136771,ETHUSDT,2947.72,2.41,2947.73,24.45
2025-12-25T20:58:01.137370,ETHUSDT,2947.72,2.41,2947.73,24.43
2025-12-25T20:58:01.393535,ETHUSDT,2947.72,2.41,2947.73,24.48
2025-12-25T20:58:01.505961,ETHUSDT,2947.72,2.44,2947.73,24.48
2025-12-25T20:58:01.615059,ETHUSDT,2947.72,5.36,2947.73,23.68
2025-12-25T20:58:01.645494,ETHUSDT,2947.72,5.36,2947.73,23.66
2025-12-25T20:58:01.663344,ETHUSDT,2947.72,5.22,2947.73,23.66
2025-12-25T20:58:01.734737,ETHUSDT,2947.72,5.36,2947.73,23.66
2025-12-25T20:58:01.765119,ETHUSDT,2947.72,5.70,2947.73,23.66
2025-12-25T20:58:02.262432,ETHUSDT,2947.72,5.70,2947.73,23.68
2025-12-25T20:58:02.263725,ETHUSDT,2947.72,5.68,2947.73,23.68
2025-12-25T20:58:02.264191,ETHUSDT,2947.72,2.47,2947.73,23.68
2025-12-25T20:58:02.671738,ETHUSDT,2947.72,2.47,2947.73,23.87
2025-12-25T20:58:02.672454,ETHUSDT,2947.72,2.47,2947.73,24.00
2025-12-25T20:58:02.673042,ETHUSDT,2947.72,2.47,2947.73,23.98
2025-12-25T20:58:03.082163,ETHUSDT,2947.72,5.38,2947.73,23.98
2025-12-25T20:58:03.082980,ETHUSDT,2947.72,5.38,2947.73,24.00
2025-12-25T20:58:03.164045,ETHUSDT,2947.72,2.47,2947.73,24.00
2025-12-25T20:58:03.294649,ETHUSDT,2947.72,5.38,2947.73,24.00
2025-12-25T20:58:03.560658,ETHUSDT,2947.72,5.38,2947.73,23.98
2025-12-25T20:58:03.594281,ETHUSDT,2947.72,2.47,2947.73,23.98
2025-12-25T20:58:04.128396,ETHUSDT,2947.72,2.47,2947.73,24.00
2025-12-25T20:58:04.515042,ETHUSDT,2947.72,2.47,2947.73,23.98
2025-12-25T20:58:05.130872,ETHUSDT,2947.72,2.47,2947.73,24.00
2025-12-25T20:58:05.453949,ETHUSDT,2947.72,2.47,2947.73,23.98
2025-12-25T20:58:05.485179,ETHUSDT,2947.72,2.43,2947.73,23.98
2025-12-25T20:58:06.050961,ETHUSDT,2947.72,1.12,2947.73,23.98
2025-12-25T20:58:06.052752,ETHUSDT,2947.72,1.12,2947.73,24.00
2025-12-25T20:58:06.089343,ETHUSDT,2947.70,0.01,2947.73,24.00
2025-12-25T20:58:06.090208,ETHUSDT,2947.62,0.10,2947.63,92.04
2025-12-25T20:58:06.094945,ETHUSDT,2947.60,2.52,2947.61,42.10
2025-12-25T20:58:06.106552,ETHUSDT,2947.60,2.51,2947.61,126.91
2025-12-25T20:58:06.113102,ETHUSDT,2947.60,2.81,2947.61,124.92
2025-12-25T20:58:06.133935,ETHUSDT,2947.60,3.15,2947.61,124.61
2025-12-25T20:58:06.143316,ETHUSDT,2947.60,2.85,2947.61,124.61
2025-12-25T20:58:06.174250,ETHUSDT,2947.60,2.85,2947.61,124.59
2025-12-25T20:58:06.184006,ETHUSDT,2947.60,3.02,2947.61,124.59
2025-12-25T20:58:06.253843,ETHUSDT,2947.60,3.08,2947.61,124.61
2025-12-25T20:58:06.273272,ETHUSDT,2947.60,3.08,2947.61,117.50
2025-12-25T20:58:06.972793,ETHUSDT,2947.60,3.08,2947.61,117.48
2025-12-25T20:58:07.013576,ETHUSDT,2947.60,3.08,2947.61,117.18
2025-12-25T20:58:07.023961,ETHUSDT,2947.60,3.08,2947.61,65.08
2025-12-25T20:58:07.033387,ETHUSDT,2947.60,5.99,2947.61,65.08
2025-12-25T20:58:07.044178,ETHUSDT,2947.60,6.00,2947.61,65.08
2025-12-25T20:58:07.053333,ETHUSDT,2947.60,6.00,2947.61,65.10
2025-12-25T20:58:07.145156,ETHUSDT,2947.60,6.00,2947.61,65.08
2025-12-25T20:58:07.176089,ETHUSDT,2947.60,6.07,2947.61,65.08
2025-12-25T20:58:07.253514,ETHUSDT,2947.60,6.07,2947.61,65.10
2025-12-25T20:58:07.445046,ETHUSDT,2947.60,6.07,2947.61,65.08
2025-12-25T20:58:07.709422,ETHUSDT,2947.60,5.86,2947.61,65.08
2025-12-25T20:58:07.745367,ETHUSDT,2947.60,5.86,2947.61,63.23
2025-12-25T20:58:07.953749,ETHUSDT,2947.60,5.88,2947.61,63.23
2025-12-25T20:58:08.034084,ETHUSDT,2947.60,5.86,2947.61,63.23
2025-12-25T20:58:08.053152,ETHUSDT,2947.60,5.86,2947.61,63.25
2025-12-25T20:58:08.124058,ETHUSDT,2947.60,2.95,2947.61,63.25
2025-12-25T20:58:08.244177,ETHUSDT,2947.60,2.95,2947.61,63.23
2025-12-25T20:58:08.353796,ETHUSDT,2947.60,2.95,2947.61,63.25
2025-12-25T20:58:08.454566,ETHUSDT,2947.60,3.25,2947.61,63.23
2025-12-25T20:58:08.495517,ETHUSDT,2947.60,6.16,2947.61,63.23
2025-12-25T20:58:08.553869,ETHUSDT,2947.60,6.16,2947.61,63.25
2025-12-25T20:58:08.660389,ETHUSDT,2947.60,6.16,2947.61,63.23
2025-12-25T20:58:08.793996,ETHUSDT,2947.60,2.95,2947.61,63.23
2025-12-25T20:58:08.984872,ETHUSDT,2947.60,3.25,2947.61,63.23
2025-12-25T20:58:09.033568,ETHUSDT,2947.60,3.25,2947.61,63.25
2025-12-25T20:58:09.083821,ETHUSDT,2947.60,3.26,2947.61,63.25
2025-12-25T20:58:09.305667,ETHUSDT,2947.60,2.97,2947.61,63.25
2025-12-25T20:58:09.493871,ETHUSDT,2947.60,5.88,2947.61,63.25
2025-12-25T20:58:09.536754,ETHUSDT,2947.60,5.88,2947.61,63.23
2025-12-25T20:58:09.624084,ETHUSDT,2947.60,5.86,2947.61,63.23
2025-12-25T20:58:09.723495,ETHUSDT,2947.60,5.87,2947.61,63.23
2025-12-25T20:58:09.764955,ETHUSDT,2947.60,2.96,2947.61,63.23
2025-12-25T20:58:09.815016,ETHUSDT,2947.60,2.97,2947.61,63.23
2025-12-25T20:58:09.853830,ETHUSDT,2947.60,2.40,2947.61,63.23
2025-12-25T20:58:09.984553,ETHUSDT,2947.60,2.36,2947.61,63.23
2025-12-25T20:58:10.659212,ETHUSDT,2947.60,5.27,2947.61,63.23
2025-12-25T20:58:10.660079,ETHUSDT,2947.60,5.28,2947.61,57.37
2025-12-25T20:58:10.907310,ETHUSDT,2947.60,5.27,2947.61,57.37
2025-12-25T20:58:11.036470,ETHUSDT,2947.60,4.77,2947.61,57.37
2025-12-25T20:58:11.103883,ETHUSDT,2947.60,4.78,2947.61,57.37
2025-12-25T20:58:12.643974,ETHUSDT,2947.60,1.87,2947.61,57.37
2025-12-25T20:58:12.753869,ETHUSDT,2947.60,1.87,2947.61,57.31
2025-12-25T20:58:13.323906,ETHUSDT,2947.60,4.78,2947.61,57.33
2025-12-25T20:58:13.324609,ETHUSDT,2947.60,2.17,2947.61,57.33
2025-12-25T20:58:13.325046,ETHUSDT,2947.60,5.08,2947.61,57.33
2025-12-25T20:58:13.383963,ETHUSDT,2947.60,4.78,2947.61,57.33
2025-12-25T20:58:13.423579,ETHUSDT,2947.60,1.87,2947.61,57.33
2025-12-25T20:58:13.534399,ETHUSDT,2947.60,2.17,2947.61,57.31
2025-12-25T20:58:13.554897,ETHUSDT,2947.60,5.08,2947.61,57.31
2025-12-25T20:58:14.643879,ETHUSDT,2947.60,5.08,2947.61,51.36
2025-12-25T20:58:14.673303,ETHUSDT,2947.60,2.17,2947.61,51.36
2025-12-25T20:58:14.683740,ETHUSDT,2947.60,5.08,2947.61,51.36
2025-12-25T20:58:14.804213,ETHUSDT,2947.60,5.08,2947.61,51.35
2025-12-25T20:58:14.993798,ETHUSDT,2947.60,5.09,2947.61,51.35
2025-12-25T20:58:16.293261,ETHUSDT,2947.60,5.09,2947.61,48.44
2025-12-25T20:58:16.294016,ETHUSDT,2947.60,10.28,2947.61,39.25
2025-12-25T20:58:16.294461,ETHUSDT,2947.60,5.09,2947.61,42.16
2025-12-25T20:58:16.435407,ETHUSDT,2947.60,8.72,2947.61,42.16
2025-12-25T20:58:16.444894,ETHUSDT,2947.60,13.91,2947.61,42.16
2025-12-25T20:58:16.566747,ETHUSDT,2947.60,13.91,2947.61,36.29
2025-12-25T20:58:16.605163,ETHUSDT,2947.60,13.91,2947.61,33.38
2025-12-25T20:58:16.613583,ETHUSDT,2947.60,25.89,2947.61,26.10
2025-12-25T20:58:16.623323,ETHUSDT,2947.60,31.33,2947.61,10.46
2025-12-25T20:58:16.644027,ETHUSDT,2947.60,31.33,2947.61,9.58
2025-12-25T20:58:16.873627,ETHUSDT,2947.60,31.33,2947.61,12.49
2025-12-25T20:58:16.943890,ETHUSDT,2947.60,31.33,2947.61,9.58
2025-12-25T20:58:16.953803,ETHUSDT,2947.60,31.39,2947.61,9.58
2025-12-25T20:58:17.123390,ETHUSDT,2947.60,31.39,2947.61,12.49
2025-12-25T20:58:17.256135,ETHUSDT,2947.60,31.39,2947.61,17.04
2025-12-25T20:58:18.256718,ETHUSDT,2947.60,30.59,2947.61,17.04
2025-12-25T20:58:18.283816,ETHUSDT,2947.60,25.95,2947.61,17.04
2025-12-25T20:58:18.924321,ETHUSDT,2947.60,25.95,2947.61,18.41
2025-12-25T20:58:19.044119,ETHUSDT,2947.60,25.95,2947.61,15.50
2025-12-25T20:58:19.053911,ETHUSDT,2947.60,25.95,2947.61,18.41
2025-12-25T20:58:19.183949,ETHUSDT,2947.60,25.95,2947.61,21.21
2025-12-25T20:58:19.192987,ETHUSDT,2947.60,25.95,2947.61,22.09
2025-12-25T20:58:19.405933,ETHUSDT,2947.60,24.95,2947.61,22.09
2025-12-25T20:58:19.774145,ETHUSDT,2947.60,24.94,2947.61,22.09
2025-12-25T20:58:19.783912,ETHUSDT,2947.60,24.94,2947.61,14.63
2025-12-25T20:58:19.915052,ETHUSDT,2947.60,24.94,2947.61,17.54
2025-12-25T20:58:20.033410,ETHUSDT,2947.60,24.94,2947.61,14.63
2025-12-25T20:58:20.043992,ETHUSDT,2947.60,24.94,2947.61,8.73
2025-12-25T20:58:20.053995,ETHUSDT,2947.60,25.99,2947.61,3.70
2025-12-25T20:58:20.063547,ETHUSDT,2947.60,25.99,2947.61,2.82
2025-12-25T20:58:20.105406,ETHUSDT,2947.60,26.49,2947.61,2.82
2025-12-25T20:58:20.162332,ETHUSDT,2947.60,27.47,2947.61,2.82
2025-12-25T20:58:20.259318,ETHUSDT,2947.60,28.12,2947.61,1.29
2025-12-25T20:58:20.897414,ETHUSDT,2947.60,28.28,2947.61,1.29
2025-12-25T20:58:21.263432,ETHUSDT,2947.60,26.14,2947.61,1.29
2025-12-25T20:58:21.362720,ETHUSDT,2947.60,26.35,2947.61,1.29
2025-12-25T20:58:21.370636,ETHUSDT,2947.60,26.38,2947.61,1.29
2025-12-25T20:58:21.414362,ETHUSDT,2947.60,26.41,2947.61,1.29
2025-12-25T20:58:21.905707,ETHUSDT,2947.60,26.57,2947.61,1.29
2025-12-25T20:58:22.084873,ETHUSDT,2947.60,26.68,2947.61,1.29
2025-12-25T20:58:22.743560,ETHUSDT,2947.60,26.69,2947.61,1.29
2025-12-25T20:58:23.256534,ETHUSDT,2947.60,26.68,2947.61,1.29
2025-12-25T20:58:23.363952,ETHUSDT,2947.60,26.71,2947.61,1.29
2025-12-25T20:58:23.534171,ETHUSDT,2947.60,26.71,2947.61,1.59
2025-12-25T20:58:23.594254,ETHUSDT,2947.60,25.18,2947.61,1.59
2025-12-25T20:58:23.894925,ETHUSDT,2947.60,25.34,2947.61,1.59
2025-12-25T20:58:23.903994,ETHUSDT,2947.60,25.34,2947.61,1.29
2025-12-25T20:58:24.381249,ETHUSDT,2947.60,25.37,2947.61,1.29
2025-12-25T20:58:24.543694,ETHUSDT,2947.60,25.38,2947.61,1.29
2025-12-25T20:58:24.894669,ETHUSDT,2947.60,25.54,2947.61,1.29
2025-12-25T20:58:25.405430,ETHUSDT,2947.60,25.54,2947.61,1.14
2025-12-25T20:58:25.406211,ETHUSDT,2947.60,25.54,2947.61,0.97
2025-12-25T20:58:25.406684,ETHUSDT,2947.60,25.57,2947.61,0.97
2025-12-25T20:58:25.407113,ETHUSDT,2947.60,26.42,2947.61,0.97
2025-12-25T20:58:25.407705,ETHUSDT,2947.60,26.42,2947.61,0.66
2025-12-25T20:58:25.631418,ETHUSDT,2947.63,91.31,2947.64,0.03
2025-12-25T20:58:25.632771,ETHUSDT,2947.93,2.53,2947.94,0.02
2025-12-25T20:58:25.633347,ETHUSDT,2947.97,57.44,2947.98,12.38
2025-12-25T20:58:25.635207,ETHUSDT,2947.97,58.89,2947.98,9.69
2025-12-25T20:58:25.673455,ETHUSDT,2947.97,58.89,2947.98,8.53
2025-12-25T20:58:25.683929,ETHUSDT,2947.97,58.89,2947.98,0.90
2025-12-25T20:58:25.693446,ETHUSDT,2947.97,58.89,2947.98,1.20
2025-12-25T20:58:25.754233,ETHUSDT,2947.97,59.10,2947.98,0.90
2025-12-25T20:58:25.763824,ETHUSDT,2947.97,59.60,2947.98,0.90
2025-12-25T20:58:25.783790,ETHUSDT,2947.97,59.60,2947.98,3.81
2025-12-25T20:58:25.824371,ETHUSDT,2947.97,59.60,2947.98,3.83
2025-12-25T20:58:25.834765,ETHUSDT,2947.97,59.60,2947.98,6.41
2025-12-25T20:58:25.843565,ETHUSDT,2947.97,59.60,2947.98,9.32
2025-12-25T20:58:25.874871,ETHUSDT,2947.97,59.60,2947.98,6.41
2025-12-25T20:58:25.932495,ETHUSDT,2947.97,54.93,2947.98,67.32
2025-12-25T20:58:26.044458,ETHUSDT,2947.97,54.93,2947.98,67.30
2025-12-25T20:58:26.244076,ETHUSDT,2947.97,54.93,2947.98,6.39
2025-12-25T20:58:26.244855,ETHUSDT,2947.97,54.93,2947.98,9.30
2025-12-25T20:58:26.454185,ETHUSDT,2947.97,54.93,2947.98,9.32
2025-12-25T20:58:26.473502,ETHUSDT,2947.97,54.93,2947.98,9.42
2025-12-25T20:58:26.854218,ETHUSDT,2947.97,54.93,2947.98,9.40
2025-12-25T20:58:26.925456,ETHUSDT,2947.97,54.93,2947.98,11.19
2025-12-25T20:58:27.064214,ETHUSDT,2947.97,54.93,2947.98,11.21
2025-12-25T20:58:27.083375,ETHUSDT,2947.97,54.99,2947.98,19.07
2025-12-25T20:58:27.164568,ETHUSDT,2947.97,54.99,2947.98,19.05
2025-12-25T20:58:27.555910,ETHUSDT,2947.97,54.99,2947.98,19.07
2025-12-25T20:58:27.933612,ETHUSDT,2947.97,54.99,2947.98,17.28
2025-12-25T20:58:27.953848,ETHUSDT,2947.97,54.99,2947.98,19.09
2025-12-25T20:58:28.043821,ETHUSDT,2947.97,54.99,2947.98,19.07
2025-12-25T20:58:28.476821,ETHUSDT,2947.97,54.99,2947.98,16.16
2025-12-25T20:58:28.579032,ETHUSDT,2947.97,54.99,2947.98,15.86
2025-12-25T20:58:28.754535,ETHUSDT,2947.97,54.99,2947.98,15.88
2025-12-25T20:58:28.915236,ETHUSDT,2947.97,54.99,2947.98,10.69
2025-12-25T20:58:28.944151,ETHUSDT,2947.97,54.99,2947.98,9.79
2025-12-25T20:58:28.963797,ETHUSDT,2947.97,55.39,2947.98,7.98
2025-12-25T20:58:28.973329,ETHUSDT,2947.97,55.39,2947.98,9.80
2025-12-25T20:58:28.986905,ETHUSDT,2947.97,55.47,2947.98,9.80
2025-12-25T20:58:28.993440,ETHUSDT,2947.97,55.39,2947.98,9.80
2025-12-25T20:58:29.094044,ETHUSDT,2947.97,56.39,2947.98,9.80
2025-12-25T20:58:29.127773,ETHUSDT,2947.97,55.39,2947.98,9.80
2025-12-25T20:58:29.294390,ETHUSDT,2947.97,55.73,2947.98,9.80
2025-12-25T20:58:29.424210,ETHUSDT,2947.97,54.73,2947.98,9.80
2025-12-25T20:58:29.706992,ETHUSDT,2947.97,55.54,2947.98,9.80
2025-12-25T20:58:30.524949,ETHUSDT,2947.97,55.54,2947.98,9.79
2025-12-25T20:58:30.867849,ETHUSDT,2947.97,54.73,2947.98,9.79
2025-12-25T20:58:30.893755,ETHUSDT,2947.97,55.18,2947.98,9.79
2025-12-25T20:58:31.755841,ETHUSDT,2947.97,55.18,2947.98,10.79
2025-12-25T20:58:32.163786,ETHUSDT,2947.97,55.19,2947.98,10.79
2025-12-25T20:58:32.474012,ETHUSDT,2947.97,55.19,2947.98,10.23
2025-12-25T20:58:32.484349,ETHUSDT,2947.97,55.19,2947.98,10.24
2025-12-25T20:58:32.754352,ETHUSDT,2947.97,56.17,2947.98,10.24
2025-12-25T20:58:32.784492,ETHUSDT,2947.97,55.19,2947.98,10.24
2025-12-25T20:58:33.894499,ETHUSDT,2947.97,56.19,2947.98,10.24
2025-12-25T20:58:34.024461,ETHUSDT,2947.97,56.16,2947.98,10.24
2025-12-25T20:58:35.031240,ETHUSDT,2947.97,56.16,2947.98,8.42
2025-12-25T20:58:35.032040,ETHUSDT,2947.97,56.16,2947.98,10.25
2025-12-25T20:58:35.441212,ETHUSDT,2947.97,56.13,2947.98,10.25
2025-12-25T20:58:35.685676,ETHUSDT,2947.97,65.13,2947.98,10.25
2025-12-25T20:58:35.714063,ETHUSDT,2947.97,56.13,2947.98,10.25
2025-12-25T20:58:35.804516,ETHUSDT,2947.97,65.13,2947.98,10.25
2025-12-25T20:58:35.813370,ETHUSDT,2947.97,56.13,2947.98,10.25
2025-12-25T20:58:35.964575,ETHUSDT,2947.97,65.13,2947.98,10.25
2025-12-25T20:58:35.973617,ETHUSDT,2947.97,56.13,2947.98,10.25
2025-12-25T20:58:36.074164,ETHUSDT,2947.97,65.13,2947.98,10.25
2025-12-25T20:58:36.093863,ETHUSDT,2947.97,56.13,2947.98,10.25
2025-12-25T20:58:36.103633,ETHUSDT,2947.97,56.13,2947.98,8.42
2025-12-25T20:58:36.113318,ETHUSDT,2947.97,56.13,2947.98,10.24
2025-12-25T20:58:36.314220,ETHUSDT,2947.97,56.10,2947.98,10.24
2025-12-25T20:58:36.434532,ETHUSDT,2947.97,56.11,2947.98,10.24
2025-12-25T20:58:36.604464,ETHUSDT,2947.97,65.11,2947.98,10.24
2025-12-25T20:58:36.614499,ETHUSDT,2947.97,56.11,2947.98,10.24
2025-12-25T20:58:37.079190,ETHUSDT,2947.97,65.11,2947.98,10.24
2025-12-25T20:58:37.080021,ETHUSDT,2947.97,56.11,2947.98,10.24
2025-12-25T20:58:37.114201,ETHUSDT,2947.97,65.11,2947.98,10.24
2025-12-25T20:58:37.123384,ETHUSDT,2947.97,56.11,2947.98,8.42
2025-12-25T20:58:37.133805,ETHUSDT,2947.97,56.27,2947.98,10.12
2025-12-25T20:58:37.153845,ETHUSDT,2947.97,65.27,2947.98,10.12
2025-12-25T20:58:37.163707,ETHUSDT,2947.97,56.27,2947.98,10.12
2025-12-25T20:58:37.214132,ETHUSDT,2947.97,56.24,2947.98,10.12
2025-12-25T20:58:37.334500,ETHUSDT,2947.97,65.24,2947.98,10.12
2025-12-25T20:58:37.366578,ETHUSDT,2947.97,56.24,2947.98,10.12
2025-12-25T20:58:37.383988,ETHUSDT,2947.97,53.90,2947.98,10.12
2025-12-25T20:58:37.444855,ETHUSDT,2947.97,62.90,2947.98,10.12
2025-12-25T20:58:37.453957,ETHUSDT,2947.97,53.90,2947.98,10.12
2025-12-25T20:58:37.605651,ETHUSDT,2947.97,62.90,2947.98,10.12
2025-12-25T20:58:37.613350,ETHUSDT,2947.97,53.90,2947.98,10.12
2025-12-25T20:58:37.695218,ETHUSDT,2947.97,62.90,2947.98,10.12
2025-12-25T20:58:37.714869,ETHUSDT,2947.97,53.90,2947.98,10.12
2025-12-25T20:58:37.824836,ETHUSDT,2947.97,52.90,2947.98,10.12
2025-12-25T20:58:37.853832,ETHUSDT,2947.97,53.92,2947.98,10.12
2025-12-25T20:58:37.914597,ETHUSDT,2947.97,62.92,2947.98,10.12
2025-12-25T20:58:37.923497,ETHUSDT,2947.97,53.92,2947.98,10.12
2025-12-25T20:58:38.614717,ETHUSDT,2947.97,53.92,2947.98,10.11
2025-12-25T20:58:38.974057,ETHUSDT,2947.97,52.31,2947.98,10.11
2025-12-25T20:58:39.084115,ETHUSDT,2947.97,49.47,2947.98,3.81
2025-12-25T20:58:39.093415,ETHUSDT,2947.99,3.30,2948.18,0.02
2025-12-25T20:58:39.103730,ETHUSDT,2948.19,86.22,2948.20,0.34
2025-12-25T20:58:39.114985,ETHUSDT,2948.36,71.40,2948.37,16.18
2025-12-25T20:58:39.124807,ETHUSDT,2948.36,91.96,2948.37,16.18
2025-12-25T20:58:39.134547,ETHUSDT,2948.36,91.16,2948.37,16.18
2025-12-25T20:58:39.170518,ETHUSDT,2948.36,94.07,2948.37,16.18
2025-12-25T20:58:39.177122,ETHUSDT,2948.36,94.18,2948.37,16.18
2025-12-25T20:58:39.194260,ETHUSDT,2948.36,94.18,2948.37,14.47
2025-12-25T20:58:39.243871,ETHUSDT,2948.36,91.27,2948.37,14.47
2025-12-25T20:58:39.253881,ETHUSDT,2948.36,91.49,2948.37,14.47
2025-12-25T20:58:39.313378,ETHUSDT,2948.36,94.40,2948.37,12.79
2025-12-25T20:58:39.366182,ETHUSDT,2948.36,94.40,2948.37,12.32
2025-12-25T20:58:39.476720,ETHUSDT,2948.36,94.40,2948.37,13.20
2025-12-25T20:58:39.524472,ETHUSDT,2948.36,88.63,2948.37,13.20
2025-12-25T20:58:39.774561,ETHUSDT,2948.36,85.05,2948.37,13.23
2025-12-25T20:58:39.813718,ETHUSDT,2948.36,67.61,2948.37,13.23
2025-12-25T20:58:39.854835,ETHUSDT,2948.36,61.34,2948.37,13.23
2025-12-25T20:58:39.863755,ETHUSDT,2948.36,52.73,2948.37,13.23
2025-12-25T20:58:39.873576,ETHUSDT,2948.36,44.04,2948.37,17.78
2025-12-25T20:58:39.883901,ETHUSDT,2948.36,39.48,2948.37,17.78
2025-12-25T20:58:39.914279,ETHUSDT,2948.36,39.48,2948.37,17.80
2025-12-25T20:58:39.984589,ETHUSDT,2948.36,28.58,2948.37,18.60
2025-12-25T20:58:39.993726,ETHUSDT,2948.36,13.80,2948.37,21.70
2025-12-25T20:58:40.056010,ETHUSDT,2948.36,13.12,2948.37,21.70
2025-12-25T20:58:40.073379,ETHUSDT,2948.36,3.98,2948.37,21.70
2025-12-25T20:58:40.468428,ETHUSDT,2948.36,0.35,2948.37,21.70
2025-12-25T20:58:40.471965,ETHUSDT,2948.36,0.35,2948.37,22.55
2025-12-25T20:58:40.472443,ETHUSDT,2948.36,0.19,2948.37,22.55
2025-12-25T20:58:40.493929,ETHUSDT,2948.36,0.27,2948.37,22.55
2025-12-25T20:58:40.563482,ETHUSDT,2948.36,0.15,2948.37,22.55
2025-12-25T20:58:40.574881,ETHUSDT,2948.36,0.15,2948.37,23.56
2025-12-25T20:58:40.654675,ETHUSDT,2948.36,0.25,2948.37,23.56
2025-12-25T20:58:40.713370,ETHUSDT,2948.36,0.15,2948.37,23.56
2025-12-25T20:58:40.784260,ETHUSDT,2948.36,0.24,2948.37,23.56
2025-12-25T20:58:40.854700,ETHUSDT,2948.36,0.15,2948.37,23.56
2025-12-25T20:58:40.873440,ETHUSDT,2948.36,0.15,2948.37,23.54
2025-12-25T20:58:40.923579,ETHUSDT,2948.36,0.23,2948.37,23.54
2025-12-25T20:58:41.003994,ETHUSDT,2948.36,0.19,2948.37,23.54
2025-12-25T20:58:41.073443,ETHUSDT,2948.36,0.21,2948.37,23.54
2025-12-25T20:58:41.145384,ETHUSDT,2948.36,0.18,2948.37,23.54
2025-12-25T20:58:41.213746,ETHUSDT,2948.36,0.20,2948.37,23.54
2025-12-25T20:58:41.294104,ETHUSDT,2948.36,0.18,2948.37,23.54
2025-12-25T20:58:41.363781,ETHUSDT,2948.36,0.20,2948.37,23.54
2025-12-25T20:58:41.433683,ETHUSDT,2948.36,0.18,2948.37,23.54
2025-12-25T20:58:41.505995,ETHUSDT,2948.36,0.20,2948.37,23.54
2025-12-25T20:58:41.583390,ETHUSDT,2948.36,0.19,2948.37,23.54
2025-12-25T20:58:42.096769,ETHUSDT,2948.36,0.19,2948.37,23.56
2025-12-25T20:58:42.097356,ETHUSDT,2948.36,0.19,2948.37,22.76
2025-12-25T20:58:42.184505,ETHUSDT,2948.36,0.19,2948.37,21.91
2025-12-25T20:58:42.196772,ETHUSDT,2948.36,0.35,2948.37,21.91
2025-12-25T20:58:42.284596,ETHUSDT,2948.36,0.43,2948.37,21.91
