ts,symbol,best_bid_price,best_bid_size,best_ask_price,best_ask_size
2025-12-25T23:18:20.547255,ETHUSDT,2923.70,89.12,2923.71,5.55
2025-12-25T23:18:20.560257,ETHUSDT,2923.70,141.05,2923.71,10.84
2025-12-25T23:18:20.564820,ETHUSDT,2923.70,144.47,2923.71,9.85
2025-12-25T23:18:20.605694,ETHUSDT,2923.70,144.47,2923.71,9.81
2025-12-25T23:18:20.619355,ETHUSDT,2923.70,144.47,2923.71,8.89
2025-12-25T23:18:20.624985,ETHUSDT,2923.70,150.79,2923.71,8.75
2025-12-25T23:18:20.634981,ETHUSDT,2923.70,150.85,2923.71,8.75
2025-12-25T23:18:20.645133,ETHUSDT,2923.70,153.79,2923.71,8.75
2025-12-25T23:18:20.659918,ETHUSDT,2923.70,153.79,2923.71,10.64
2025-12-25T23:18:20.666122,ETHUSDT,2923.70,157.68,2923.71,10.64
2025-12-25T23:18:20.684103,ETHUSDT,2923.70,157.68,2923.71,10.57
2025-12-25T23:18:20.694948,ETHUSDT,2923.70,169.13,2923.71,10.57
2025-12-25T23:18:20.725719,ETHUSDT,2923.70,169.13,2923.71,10.34
2025-12-25T23:18:20.745588,ETHUSDT,2923.70,164.60,2923.71,7.73
2025-12-25T23:18:20.757453,ETHUSDT,2923.70,164.60,2923.71,7.67
2025-12-25T23:18:20.775544,ETHUSDT,2923.70,164.60,2923.71,7.51
2025-12-25T23:18:20.794822,ETHUSDT,2923.70,162.32,2923.71,7.51
2025-12-25T23:18:20.875411,ETHUSDT,2923.70,160.72,2923.71,7.51
2025-12-25T23:18:20.884929,ETHUSDT,2923.70,157.72,2923.71,7.51
2025-12-25T23:18:20.895330,ETHUSDT,2923.70,157.78,2923.71,7.51
2025-12-25T23:18:20.904592,ETHUSDT,2923.70,157.72,2923.71,7.51
2025-12-25T23:18:20.976087,ETHUSDT,2923.70,168.62,2923.71,7.51
2025-12-25T23:18:20.995394,ETHUSDT,2923.70,168.96,2923.71,7.51
2025-12-25T23:18:21.015450,ETHUSDT,2923.70,168.96,2923.71,4.81
2025-12-25T23:18:21.028864,ETHUSDT,2923.70,171.00,2923.71,2.85
2025-12-25T23:18:21.035264,ETHUSDT,2923.79,13.61,2923.80,0.02
2025-12-25T23:18:21.044775,ETHUSDT,2923.81,8.25,2923.82,0.02
2025-12-25T23:18:21.060516,ETHUSDT,2923.86,16.24,2923.87,0.02
2025-12-25T23:18:21.064622,ETHUSDT,2923.88,67.12,2923.89,0.01
2025-12-25T23:18:21.075168,ETHUSDT,2923.90,41.71,2923.91,0.01
2025-12-25T23:18:21.085026,ETHUSDT,2923.92,109.08,2923.93,0.36
2025-12-25T23:18:21.095230,ETHUSDT,2923.92,123.16,2923.93,0.36
2025-12-25T23:18:21.105302,ETHUSDT,2923.92,121.89,2923.93,0.36
2025-12-25T23:18:21.116032,ETHUSDT,2923.92,121.89,2923.93,0.54
2025-12-25T23:18:21.185531,ETHUSDT,2923.92,121.89,2923.93,0.44
2025-12-25T23:18:21.225857,ETHUSDT,2923.92,124.14,2923.93,0.44
2025-12-25T23:18:21.256458,ETHUSDT,2923.92,124.14,2923.93,0.58
2025-12-25T23:18:21.324716,ETHUSDT,2923.92,124.14,2923.93,0.46
2025-12-25T23:18:21.405355,ETHUSDT,2923.92,124.14,2923.93,0.59
2025-12-25T23:18:21.424734,ETHUSDT,2923.92,124.17,2923.93,0.59
2025-12-25T23:18:21.475351,ETHUSDT,2923.92,124.17,2923.93,0.47
2025-12-25T23:18:21.545394,ETHUSDT,2923.92,124.17,2923.93,0.59
2025-12-25T23:18:21.615561,ETHUSDT,2923.92,124.17,2923.93,0.47
2025-12-25T23:18:21.685063,ETHUSDT,2923.92,124.17,2923.93,0.59
2025-12-25T23:18:21.773134,ETHUSDT,2923.92,124.17,2923.93,0.47
2025-12-25T23:18:21.835496,ETHUSDT,2923.92,124.17,2923.93,0.59
2025-12-25T23:18:21.907554,ETHUSDT,2923.92,124.17,2923.93,0.47
2025-12-25T23:18:21.958988,ETHUSDT,2923.92,124.34,2923.93,0.47
2025-12-25T23:18:21.977101,ETHUSDT,2923.92,124.34,2923.93,0.59
2025-12-25T23:18:21.997852,ETHUSDT,2923.92,124.34,2923.93,5.44
2025-12-25T23:18:22.007922,ETHUSDT,2923.92,123.26,2923.93,11.93
2025-12-25T23:18:22.047210,ETHUSDT,2923.92,123.26,2923.93,5.44
2025-12-25T23:18:22.056461,ETHUSDT,2923.92,123.26,2923.93,5.38
2025-12-25T23:18:22.125522,ETHUSDT,2923.92,123.26,2923.93,7.09
2025-12-25T23:18:22.195878,ETHUSDT,2923.92,123.26,2923.93,6.95
2025-12-25T23:18:22.345866,ETHUSDT,2923.92,123.26,2923.93,2.10
2025-12-25T23:18:22.375672,ETHUSDT,2923.92,122.26,2923.93,2.10
2025-12-25T23:18:22.435266,ETHUSDT,2923.92,122.26,2923.93,0.53
2025-12-25T23:18:22.505626,ETHUSDT,2923.92,122.26,2923.93,1.32
2025-12-25T23:18:22.525907,ETHUSDT,2923.92,125.26,2923.93,1.32
2025-12-25T23:18:22.578963,ETHUSDT,2923.92,125.26,2923.93,0.36
2025-12-25T23:18:22.614862,ETHUSDT,2923.92,125.26,2923.93,5.21
2025-12-25T23:18:22.655399,ETHUSDT,2923.92,125.26,2923.93,5.86
2025-12-25T23:18:22.666672,ETHUSDT,2923.92,122.36,2923.93,5.86
2025-12-25T23:18:22.676170,ETHUSDT,2923.92,122.36,2923.93,12.35
2025-12-25T23:18:22.685026,ETHUSDT,2923.92,122.36,2923.93,21.28
2025-12-25T23:18:22.725827,ETHUSDT,2923.92,122.36,2923.93,16.02
2025-12-25T23:18:22.775786,ETHUSDT,2923.92,92.13,2923.93,16.02
2025-12-25T23:18:22.844875,ETHUSDT,2923.92,61.57,2923.93,16.02
2025-12-25T23:18:22.856908,ETHUSDT,2923.92,55.93,2923.93,21.92
2025-12-25T23:18:22.864795,ETHUSDT,2923.92,24.94,2923.93,36.15
2025-12-25T23:18:22.875104,ETHUSDT,2923.92,18.72,2923.93,36.15
2025-12-25T23:18:22.894869,ETHUSDT,2923.92,8.78,2923.93,36.15
2025-12-25T23:18:23.016228,ETHUSDT,2923.92,8.78,2923.93,36.31
2025-12-25T23:18:23.025197,ETHUSDT,2923.92,15.27,2923.93,36.31
2025-12-25T23:18:23.095886,ETHUSDT,2923.92,15.27,2923.93,36.15
2025-12-25T23:18:23.276101,ETHUSDT,2923.92,26.37,2923.93,36.15
2025-12-25T23:18:23.284833,ETHUSDT,2923.92,27.37,2923.93,22.61
2025-12-25T23:18:23.325096,ETHUSDT,2923.92,27.37,2923.93,21.92
2025-12-25T23:18:24.203593,ETHUSDT,2923.92,22.52,2923.93,21.92
2025-12-25T23:18:24.204230,ETHUSDT,2923.92,27.37,2923.93,21.92
2025-12-25T23:18:24.245758,ETHUSDT,2923.92,22.52,2923.93,21.92
2025-12-25T23:18:24.305293,ETHUSDT,2923.92,27.37,2923.93,21.92
2025-12-25T23:18:24.325488,ETHUSDT,2923.92,25.88,2923.93,21.92
2025-12-25T23:18:24.335543,ETHUSDT,2923.92,21.04,2923.93,21.92
2025-12-25T23:18:24.344800,ETHUSDT,2923.92,21.06,2923.93,21.92
2025-12-25T23:18:24.354848,ETHUSDT,2923.92,21.06,2923.93,22.08
2025-12-25T23:18:24.586294,ETHUSDT,2923.92,31.41,2923.93,22.08
2025-12-25T23:18:24.595341,ETHUSDT,2923.92,31.42,2923.93,22.08
2025-12-25T23:18:24.755623,ETHUSDT,2923.92,31.42,2923.93,21.92
2025-12-25T23:18:25.675724,ETHUSDT,2923.92,20.32,2923.93,27.65
2025-12-25T23:18:25.685092,ETHUSDT,2923.92,25.17,2923.93,27.65
2025-12-25T23:18:25.755515,ETHUSDT,2923.92,25.17,2923.93,21.92
2025-12-25T23:18:26.755982,ETHUSDT,2923.92,27.71,2923.93,21.92
2025-12-25T23:18:27.212409,ETHUSDT,2923.92,27.71,2923.93,17.07
2025-12-25T23:18:27.295313,ETHUSDT,2923.92,27.71,2923.93,11.17
2025-12-25T23:18:27.406051,ETHUSDT,2923.92,28.59,2923.93,11.17
2025-12-25T23:18:27.425055,ETHUSDT,2923.92,28.59,2923.93,2.24
2025-12-25T23:18:27.516363,ETHUSDT,2923.92,28.59,2923.93,0.53
2025-12-25T23:18:27.585552,ETHUSDT,2923.92,28.59,2923.93,1.39
2025-12-25T23:18:27.656707,ETHUSDT,2923.92,28.59,2923.93,0.36
2025-12-25T23:18:27.725353,ETHUSDT,2923.92,28.59,2923.93,1.05
2025-12-25T23:18:27.795605,ETHUSDT,2923.92,28.59,2923.93,0.36
2025-12-25T23:18:27.875889,ETHUSDT,2923.92,28.59,2923.93,0.53
2025-12-25T23:18:27.945571,ETHUSDT,2923.92,28.59,2923.93,0.45
2025-12-25T23:18:28.015643,ETHUSDT,2923.92,28.59,2923.93,0.57
2025-12-25T23:18:28.085622,ETHUSDT,2923.92,28.59,2923.93,0.47
2025-12-25T23:18:28.095292,ETHUSDT,2923.92,28.59,2923.93,5.32
2025-12-25T23:18:28.157024,ETHUSDT,2923.92,28.59,2923.93,5.43
2025-12-25T23:18:28.175833,ETHUSDT,2923.92,28.59,2923.93,20.85
2025-12-25T23:18:28.235982,ETHUSDT,2923.92,28.59,2923.93,22.51
2025-12-25T23:18:28.416032,ETHUSDT,2923.92,28.56,2923.93,22.51
2025-12-25T23:18:28.676356,ETHUSDT,2923.92,28.56,2923.93,22.53
2025-12-25T23:18:28.715495,ETHUSDT,2923.92,23.71,2923.93,22.53
2025-12-25T23:18:28.725378,ETHUSDT,2923.92,25.23,2923.93,22.53
2025-12-25T23:18:28.735120,ETHUSDT,2923.92,31.65,2923.93,22.53
2025-12-25T23:18:29.120592,ETHUSDT,2923.92,31.65,2923.93,16.04
2025-12-25T23:18:29.175967,ETHUSDT,2923.92,8.18,2923.93,48.62
2025-12-25T23:18:29.185509,ETHUSDT,2923.92,7.30,2923.93,49.94
2025-12-25T23:18:29.195935,ETHUSDT,2923.92,7.30,2923.93,50.10
2025-12-25T23:18:29.245201,ETHUSDT,2923.92,9.09,2923.93,50.10
2025-12-25T23:18:29.256767,ETHUSDT,2923.92,7.30,2923.93,50.10
2025-12-25T23:18:29.304938,ETHUSDT,2923.92,4.56,2923.93,50.10
2025-12-25T23:18:29.315319,ETHUSDT,2923.92,4.12,2923.93,50.73
2025-12-25T23:18:29.324657,ETHUSDT,2923.92,3.36,2923.93,50.73
2025-12-25T23:18:29.335040,ETHUSDT,2923.92,3.36,2923.93,51.59
2025-12-25T23:18:29.365302,ETHUSDT,2923.92,3.18,2923.93,51.59
2025-12-25T23:18:29.515560,ETHUSDT,2923.92,3.30,2923.93,51.59
2025-12-25T23:18:30.245152,ETHUSDT,2923.72,0.01,2923.73,2.42
2025-12-25T23:18:30.255387,ETHUSDT,2923.56,0.01,2923.66,9.24
2025-12-25T23:18:30.264668,ETHUSDT,2923.53,0.01,2923.54,38.46
2025-12-25T23:18:30.275351,ETHUSDT,2923.50,0.01,2923.52,4.84
2025-12-25T23:18:30.284900,ETHUSDT,2923.50,1.65,2923.51,136.03
2025-12-25T23:18:30.294893,ETHUSDT,2923.49,0.01,2923.50,4.85
2025-12-25T23:18:30.304893,ETHUSDT,2923.49,0.02,2923.50,141.65
2025-12-25T23:18:30.325514,ETHUSDT,2923.39,10.10,2923.44,158.97
2025-12-25T23:18:30.335323,ETHUSDT,2923.39,6.39,2923.40,139.49
2025-12-25T23:18:30.361786,ETHUSDT,2923.28,0.02,2923.40,140.36
2025-12-25T23:18:30.363455,ETHUSDT,2923.28,0.02,2923.29,1.08
2025-12-25T23:18:30.374979,ETHUSDT,2923.17,0.01,2923.22,3.55
2025-12-25T23:18:30.385590,ETHUSDT,2923.17,1.26,2923.18,69.86
2025-12-25T23:18:30.395472,ETHUSDT,2923.11,0.02,2923.12,5.68
2025-12-25T23:18:30.404930,ETHUSDT,2923.11,0.04,2923.12,105.92
2025-12-25T23:18:30.415251,ETHUSDT,2923.11,12.62,2923.12,108.10
2025-12-25T23:18:30.434862,ETHUSDT,2923.11,12.62,2923.12,97.77
2025-12-25T23:18:30.449212,ETHUSDT,2923.11,12.62,2923.12,94.99
2025-12-25T23:18:30.458227,ETHUSDT,2923.11,18.87,2923.12,94.99
2025-12-25T23:18:30.465196,ETHUSDT,2923.11,26.27,2923.12,92.83
2025-12-25T23:18:30.475065,ETHUSDT,2923.11,26.27,2923.12,94.71
2025-12-25T23:18:30.495348,ETHUSDT,2923.11,26.27,2923.12,88.46
2025-12-25T23:18:30.504954,ETHUSDT,2923.11,26.27,2923.12,75.06
2025-12-25T23:18:30.514791,ETHUSDT,2923.11,27.15,2923.12,59.26
2025-12-25T23:18:30.524548,ETHUSDT,2923.11,27.15,2923.12,16.61
2025-12-25T23:18:30.557235,ETHUSDT,2923.11,27.15,2923.12,10.85
2025-12-25T23:18:30.585271,ETHUSDT,2923.11,27.15,2923.12,1.92
2025-12-25T23:18:30.605537,ETHUSDT,2923.11,28.29,2923.12,1.92
2025-12-25T23:18:30.614943,ETHUSDT,2923.11,31.71,2923.12,1.92
2025-12-25T23:18:30.634997,ETHUSDT,2923.11,36.32,2923.12,1.92
2025-12-25T23:18:30.675839,ETHUSDT,2923.11,36.32,2923.12,0.05
2025-12-25T23:18:30.705222,ETHUSDT,2923.11,36.44,2923.12,0.05
2025-12-25T23:18:30.714695,ETHUSDT,2923.12,77.22,2923.13,0.01
2025-12-25T23:18:30.725089,ETHUSDT,2923.12,126.76,2923.13,0.02
2025-12-25T23:18:30.885599,ETHUSDT,2923.12,130.18,2923.13,0.02
2025-12-25T23:18:31.168578,ETHUSDT,2923.12,130.35,2923.13,0.02
2025-12-25T23:18:31.208330,ETHUSDT,2923.19,12.22,2923.20,0.02
2025-12-25T23:18:31.223879,ETHUSDT,2923.19,155.38,2923.20,0.02
2025-12-25T23:18:31.234680,ETHUSDT,2923.19,156.26,2923.20,0.02
2025-12-25T23:18:31.268483,ETHUSDT,2923.22,116.71,2923.23,0.02
2025-12-25T23:18:31.275088,ETHUSDT,2923.22,121.51,2923.23,0.02
2025-12-25T23:18:31.284728,ETHUSDT,2923.22,121.63,2923.23,0.02
2025-12-25T23:18:31.295062,ETHUSDT,2923.39,53.63,2923.40,0.94
2025-12-25T23:18:31.304747,ETHUSDT,2923.39,90.26,2923.40,1.29
2025-12-25T23:18:31.314985,ETHUSDT,2923.39,90.26,2923.40,0.30
2025-12-25T23:18:31.324679,ETHUSDT,2923.39,90.26,2923.40,5.32
2025-12-25T23:18:31.333659,ETHUSDT,2923.39,90.26,2923.40,5.16
2025-12-25T23:18:31.360580,ETHUSDT,2923.39,92.59,2923.40,0.31
2025-12-25T23:18:31.384769,ETHUSDT,2923.43,113.44,2923.44,6.65
2025-12-25T23:18:31.394891,ETHUSDT,2923.43,109.35,2923.44,6.65
2025-12-25T23:18:31.405282,ETHUSDT,2923.43,109.47,2923.44,6.65
2025-12-25T23:18:31.457373,ETHUSDT,2923.43,109.47,2923.44,13.14
2025-12-25T23:18:31.545096,ETHUSDT,2923.43,109.47,2923.44,8.52
2025-12-25T23:18:31.565175,ETHUSDT,2923.43,109.47,2923.44,13.37
2025-12-25T23:18:31.605130,ETHUSDT,2923.43,109.47,2923.44,7.32
2025-12-25T23:18:31.614194,ETHUSDT,2923.43,115.06,2923.44,1.89
2025-12-25T23:18:31.695090,ETHUSDT,2923.46,107.27,2923.47,7.66
2025-12-25T23:18:31.704232,ETHUSDT,2923.46,108.44,2923.47,7.67
2025-12-25T23:18:31.835285,ETHUSDT,2923.46,108.44,2923.47,9.54
2025-12-25T23:18:32.088389,ETHUSDT,2923.46,108.65,2923.47,9.54
2025-12-25T23:18:32.602223,ETHUSDT,2923.46,108.68,2923.47,9.54
2025-12-25T23:18:32.845670,ETHUSDT,2923.46,109.31,2923.47,9.54
2025-12-25T23:18:32.985572,ETHUSDT,2923.46,112.73,2923.47,9.54
2025-12-25T23:18:33.265349,ETHUSDT,2923.46,109.31,2923.47,9.54
2025-12-25T23:18:33.355086,ETHUSDT,2923.48,1.92,2923.49,6.31
2025-12-25T23:18:33.364687,ETHUSDT,2923.92,0.34,2924.08,0.58
2025-12-25T23:18:33.376490,ETHUSDT,2923.96,12.42,2923.97,6.69
2025-12-25T23:18:33.385098,ETHUSDT,2923.96,47.08,2923.97,25.53
2025-12-25T23:18:33.395083,ETHUSDT,2923.96,47.43,2923.97,25.53
2025-12-25T23:18:33.404668,ETHUSDT,2923.96,47.43,2923.97,25.69
2025-12-25T23:18:33.463664,ETHUSDT,2923.96,49.68,2923.97,25.69
2025-12-25T23:18:33.464300,ETHUSDT,2923.96,46.85,2923.97,25.69
2025-12-25T23:18:33.484706,ETHUSDT,2923.96,41.11,2923.97,25.69
2025-12-25T23:18:33.494779,ETHUSDT,2923.96,35.50,2923.97,25.69
2025-12-25T23:18:33.505022,ETHUSDT,2923.96,33.25,2923.97,27.56
2025-12-25T23:18:33.516025,ETHUSDT,2923.96,33.25,2923.97,27.40
2025-12-25T23:18:33.585157,ETHUSDT,2923.96,22.48,2923.97,27.40
2025-12-25T23:18:33.595813,ETHUSDT,2923.96,7.75,2923.97,28.67
2025-12-25T23:18:33.605191,ETHUSDT,2923.96,7.75,2923.97,28.83
2025-12-25T23:18:33.624733,ETHUSDT,2923.96,1.19,2923.97,28.83
2025-12-25T23:18:33.635152,ETHUSDT,2923.87,0.01,2923.88,11.68
2025-12-25T23:18:33.645349,ETHUSDT,2923.84,0.02,2923.85,104.40
2025-12-25T23:18:33.661056,ETHUSDT,2923.72,0.02,2923.73,1.08
2025-12-25T23:18:33.664590,ETHUSDT,2923.72,0.03,2923.73,89.85
2025-12-25T23:18:33.674877,ETHUSDT,2923.72,0.02,2923.73,88.65
2025-12-25T23:18:33.760372,ETHUSDT,2923.62,0.01,2923.63,77.88
2025-12-25T23:18:33.764666,ETHUSDT,2923.57,10.33,2923.58,78.15
2025-12-25T23:18:33.777720,ETHUSDT,2923.57,16.60,2923.58,65.46
2025-12-25T23:18:33.785233,ETHUSDT,2923.57,16.60,2923.58,66.34
2025-12-25T23:18:33.835476,ETHUSDT,2923.57,16.72,2923.58,66.34
2025-12-25T23:18:33.872614,ETHUSDT,2923.57,16.72,2923.58,68.21
2025-12-25T23:18:33.892731,ETHUSDT,2923.57,16.72,2923.58,65.31
2025-12-25T23:18:33.893108,ETHUSDT,2923.57,16.72,2923.58,70.16
2025-12-25T23:18:33.904756,ETHUSDT,2923.57,21.57,2923.58,70.16
2025-12-25T23:18:33.915199,ETHUSDT,2923.57,16.72,2923.58,70.16
2025-12-25T23:18:33.925201,ETHUSDT,2923.57,21.57,2923.58,70.16
2025-12-25T23:18:33.979147,ETHUSDT,2923.57,16.72,2923.58,70.16
2025-12-25T23:18:34.136459,ETHUSDT,2923.57,17.04,2923.58,70.16
2025-12-25T23:18:34.285805,ETHUSDT,2923.57,17.04,2923.58,46.87
2025-12-25T23:18:34.376643,ETHUSDT,2923.57,32.33,2923.58,39.24
2025-12-25T23:18:34.385077,ETHUSDT,2923.57,32.33,2923.58,30.25
2025-12-25T23:18:34.394712,ETHUSDT,2923.57,32.33,2923.58,17.45
2025-12-25T23:18:34.415562,ETHUSDT,2923.57,32.36,2923.58,17.45
2025-12-25T23:18:34.676887,ETHUSDT,2923.57,27.51,2923.58,17.45
2025-12-25T23:18:34.684545,ETHUSDT,2923.57,32.36,2923.58,17.45
2025-12-25T23:18:34.845504,ETHUSDT,2923.57,27.51,2923.58,17.45
2025-12-25T23:18:34.854777,ETHUSDT,2923.57,27.51,2923.58,18.25
2025-12-25T23:18:34.885587,ETHUSDT,2923.57,25.67,2923.58,22.96
2025-12-25T23:18:35.005273,ETHUSDT,2923.57,30.52,2923.58,22.96
2025-12-25T23:18:35.415848,ETHUSDT,2923.57,30.55,2923.58,22.04
2025-12-25T23:18:35.776850,ETHUSDT,2923.57,30.55,2923.58,19.90
2025-12-25T23:18:36.344908,ETHUSDT,2923.57,32.55,2923.58,19.90
2025-12-25T23:18:36.388488,ETHUSDT,2923.57,32.55,2923.58,13.13
2025-12-25T23:18:36.404686,ETHUSDT,2923.57,32.55,2923.58,7.62
2025-12-25T23:18:36.415093,ETHUSDT,2923.57,32.52,2923.58,7.62
2025-12-25T23:18:36.516937,ETHUSDT,2923.57,32.52,2923.58,2.77
2025-12-25T23:18:36.525141,ETHUSDT,2923.57,32.52,2923.58,1.89
2025-12-25T23:18:36.595471,ETHUSDT,2923.57,32.52,2923.58,0.46
2025-12-25T23:18:36.614851,ETHUSDT,2923.57,35.94,2923.58,0.46
2025-12-25T23:18:36.664778,ETHUSDT,2923.57,35.94,2923.58,0.74
2025-12-25T23:18:36.734494,ETHUSDT,2923.57,35.94,2923.58,0.02
2025-12-25T23:18:36.745457,ETHUSDT,2923.59,124.85,2923.60,0.02
2025-12-25T23:18:36.757281,ETHUSDT,2923.59,125.17,2923.60,0.01
2025-12-25T23:18:36.775955,ETHUSDT,2923.59,125.29,2923.60,0.01
2025-12-25T23:18:36.798048,ETHUSDT,2923.59,127.54,2923.60,0.01
2025-12-25T23:18:36.827641,ETHUSDT,2923.59,133.86,2923.60,0.01
2025-12-25T23:18:37.085440,ETHUSDT,2923.59,134.16,2923.60,0.01
2025-12-25T23:18:37.145449,ETHUSDT,2923.69,14.10,2923.70,0.02
2025-12-25T23:18:37.155275,ETHUSDT,2923.79,129.09,2923.80,0.37
2025-12-25T23:18:37.165193,ETHUSDT,2923.79,131.99,2923.80,1.98
2025-12-25T23:18:37.175622,ETHUSDT,2923.79,131.99,2923.80,8.48
2025-12-25T23:18:37.184815,ETHUSDT,2923.79,124.35,2923.80,13.33
2025-12-25T23:18:37.195017,ETHUSDT,2923.79,118.76,2923.80,13.33
2025-12-25T23:18:37.246771,ETHUSDT,2923.79,121.01,2923.80,15.22
2025-12-25T23:18:37.286736,ETHUSDT,2923.79,115.11,2923.80,21.12
2025-12-25T23:18:37.299671,ETHUSDT,2923.79,119.18,2923.80,22.98
2025-12-25T23:18:37.355824,ETHUSDT,2923.79,119.18,2923.80,23.35
2025-12-25T23:18:37.405606,ETHUSDT,2923.79,115.08,2923.80,23.35
2025-12-25T23:18:37.415570,ETHUSDT,2923.79,115.14,2923.80,23.35
2025-12-25T23:18:37.425104,ETHUSDT,2923.79,112.92,2923.80,23.35
2025-12-25T23:18:37.618095,ETHUSDT,2923.79,112.92,2923.80,23.06
2025-12-25T23:18:37.675407,ETHUSDT,2923.79,112.92,2923.80,17.16
2025-12-25T23:18:37.685606,ETHUSDT,2923.79,112.92,2923.80,4.15
2025-12-25T23:18:37.694868,ETHUSDT,2923.79,112.92,2923.80,3.76
2025-12-25T23:18:37.705158,ETHUSDT,2923.79,113.78,2923.80,3.64
2025-12-25T23:18:37.719475,ETHUSDT,2923.79,117.31,2923.80,3.65
2025-12-25T23:18:37.724669,ETHUSDT,2923.79,117.31,2924.00,0.02
2025-12-25T23:18:37.734936,ETHUSDT,2923.99,66.61,2924.00,0.02
2025-12-25T23:18:37.744613,ETHUSDT,2924.01,109.38,2924.02,0.44
2025-12-25T23:18:37.761199,ETHUSDT,2924.01,118.15,2924.02,0.45
2025-12-25T23:18:37.825382,ETHUSDT,2924.01,117.91,2924.02,0.45
2025-12-25T23:18:37.884927,ETHUSDT,2924.01,117.91,2924.02,2.84
2025-12-25T23:18:37.904815,ETHUSDT,2924.01,116.62,2924.02,2.84
2025-12-25T23:18:37.914564,ETHUSDT,2924.01,116.57,2924.02,2.84
2025-12-25T23:18:37.944612,ETHUSDT,2924.01,116.57,2924.02,0.68
2025-12-25T23:18:37.956811,ETHUSDT,2924.01,116.57,2924.02,0.57
2025-12-25T23:18:37.994922,ETHUSDT,2924.01,116.57,2924.02,0.47
2025-12-25T23:18:38.026980,ETHUSDT,2924.01,116.57,2924.02,1.72
2025-12-25T23:18:38.094781,ETHUSDT,2924.01,116.57,2924.02,0.36
2025-12-25T23:18:38.175035,ETHUSDT,2924.01,116.57,2924.02,1.21
2025-12-25T23:18:38.244950,ETHUSDT,2924.01,116.57,2924.02,0.36
2025-12-25T23:18:38.314897,ETHUSDT,2924.01,116.57,2924.02,0.96
2025-12-25T23:18:38.324729,ETHUSDT,2924.01,116.57,2924.02,0.62
2025-12-25T23:18:38.384796,ETHUSDT,2924.01,116.57,2924.02,0.02
2025-12-25T23:18:38.395113,ETHUSDT,2924.03,104.14,2924.04,0.47
2025-12-25T23:18:38.404626,ETHUSDT,2924.03,104.58,2924.04,0.47
2025-12-25T23:18:38.539138,ETHUSDT,2924.03,104.58,2924.04,0.70
2025-12-25T23:18:38.604938,ETHUSDT,2924.03,104.58,2924.04,0.58
2025-12-25T23:18:38.615659,ETHUSDT,2924.03,101.79,2924.04,14.09
2025-12-25T23:18:38.625194,ETHUSDT,2924.03,101.79,2924.04,11.93
2025-12-25T23:18:38.676408,ETHUSDT,2924.03,101.79,2924.04,12.11
2025-12-25T23:18:38.685003,ETHUSDT,2924.03,101.79,2924.04,5.62
2025-12-25T23:18:38.745201,ETHUSDT,2924.03,101.79,2924.04,7.18
2025-12-25T23:18:38.906892,ETHUSDT,2924.03,101.79,2924.04,13.67
2025-12-25T23:18:39.415718,ETHUSDT,2924.03,101.85,2924.04,7.18
2025-12-25T23:18:39.455038,ETHUSDT,2924.03,34.76,2924.04,45.85
2025-12-25T23:18:39.464733,ETHUSDT,2924.03,7.28,2924.04,47.86
2025-12-25T23:18:39.474841,ETHUSDT,2924.03,3.86,2924.04,47.86
2025-12-25T23:18:39.873201,ETHUSDT,2924.03,16.39,2924.04,47.86
2025-12-25T23:18:39.874522,ETHUSDT,2924.03,16.45,2924.04,47.86
2025-12-25T23:18:39.874990,ETHUSDT,2924.03,16.45,2924.04,42.06
2025-12-25T23:18:39.875486,ETHUSDT,2924.03,34.89,2924.04,31.74
2025-12-25T23:18:39.896685,ETHUSDT,2924.03,34.92,2924.04,31.74
2025-12-25T23:18:39.904906,ETHUSDT,2924.03,41.53,2924.04,31.74
2025-12-25T23:18:39.953046,ETHUSDT,2924.03,41.53,2924.04,19.49
2025-12-25T23:18:39.996118,ETHUSDT,2924.03,41.53,2924.04,12.11
2025-12-25T23:18:40.086493,ETHUSDT,2924.03,41.83,2924.04,12.11
2025-12-25T23:18:40.115064,ETHUSDT,2924.03,41.83,2924.04,2.74
2025-12-25T23:18:40.195525,ETHUSDT,2924.03,41.83,2924.04,1.33
2025-12-25T23:18:40.265134,ETHUSDT,2924.03,41.83,2924.04,2.03
2025-12-25T23:18:40.337282,ETHUSDT,2924.03,41.83,2924.04,0.98
2025-12-25T23:18:40.395046,ETHUSDT,2924.03,41.63,2924.04,0.98
2025-12-25T23:18:40.404983,ETHUSDT,2924.03,41.63,2924.04,1.85
2025-12-25T23:18:40.415318,ETHUSDT,2924.03,41.60,2924.04,1.85
2025-12-25T23:18:40.486198,ETHUSDT,2924.03,41.60,2924.04,0.89
2025-12-25T23:18:40.544917,ETHUSDT,2924.03,41.59,2924.04,0.89
2025-12-25T23:18:40.557147,ETHUSDT,2924.03,41.59,2924.04,1.81
2025-12-25T23:18:40.587456,ETHUSDT,2924.03,34.98,2924.04,1.81
2025-12-25T23:18:40.625128,ETHUSDT,2924.03,34.98,2924.04,3.05
2025-12-25T23:18:40.634698,ETHUSDT,2924.03,34.98,2924.04,9.54
2025-12-25T23:18:40.695167,ETHUSDT,2924.03,34.98,2924.04,10.44
2025-12-25T23:18:40.756958,ETHUSDT,2924.03,34.98,2924.04,19.37
2025-12-25T23:18:40.768431,ETHUSDT,2924.03,34.88,2924.04,20.88
2025-12-25T23:18:40.856909,ETHUSDT,2924.03,34.88,2924.04,23.48
2025-12-25T23:18:40.904932,ETHUSDT,2924.03,29.84,2924.04,23.48
2025-12-25T23:18:40.997202,ETHUSDT,2924.03,29.84,2924.04,21.32
2025-12-25T23:18:41.085492,ETHUSDT,2924.03,36.45,2924.04,19.69
2025-12-25T23:18:41.235454,ETHUSDT,2923.80,1.34,2923.81,1.97
2025-12-25T23:18:41.245092,ETHUSDT,2923.80,19.48,2923.81,20.55
2025-12-25T23:18:41.295215,ETHUSDT,2923.80,15.03,2923.81,23.27
2025-12-25T23:18:41.305022,ETHUSDT,2923.80,7.12,2923.81,28.08
2025-12-25T23:18:41.315872,ETHUSDT,2923.80,8.76,2923.81,28.08
2025-12-25T23:18:41.336117,ETHUSDT,2923.80,13.95,2923.81,28.08
2025-12-25T23:18:41.375972,ETHUSDT,2923.80,9.10,2923.81,28.08
2025-12-25T23:18:41.384878,ETHUSDT,2923.80,8.22,2923.81,29.94
2025-12-25T23:18:41.395629,ETHUSDT,2923.80,8.22,2923.81,31.12
2025-12-25T23:18:41.434881,ETHUSDT,2923.80,8.34,2923.81,31.12
2025-12-25T23:18:41.444874,ETHUSDT,2923.80,8.34,2923.81,35.97
2025-12-25T23:18:41.454623,ETHUSDT,2923.80,1.85,2923.81,35.97
2025-12-25T23:18:41.474745,ETHUSDT,2923.80,1.95,2923.81,35.97
2025-12-25T23:18:41.485808,ETHUSDT,2923.80,0.61,2923.81,35.97
2025-12-25T23:18:41.494910,ETHUSDT,2923.80,0.27,2923.81,35.97
2025-12-25T23:18:41.514782,ETHUSDT,2923.80,0.27,2923.81,36.83
2025-12-25T23:18:41.825452,ETHUSDT,2923.80,0.27,2923.81,36.77
2025-12-25T23:18:42.394583,ETHUSDT,2923.80,0.25,2923.81,36.77
2025-12-25T23:18:42.405433,ETHUSDT,2923.80,0.26,2923.81,36.77
2025-12-25T23:18:42.685875,ETHUSDT,2923.80,0.26,2923.81,35.91
2025-12-25T23:18:42.804982,ETHUSDT,2923.80,0.26,2923.81,21.29
2025-12-25T23:18:42.815586,ETHUSDT,2923.80,22.73,2923.81,17.72
2025-12-25T23:18:42.825284,ETHUSDT,2923.80,22.73,2923.81,23.99
2025-12-25T23:18:42.945847,ETHUSDT,2923.80,17.88,2923.81,23.99
2025-12-25T23:18:42.985523,ETHUSDT,2923.80,22.73,2923.81,23.99
2025-12-25T23:18:43.024640,ETHUSDT,2923.80,22.73,2923.81,22.81
2025-12-25T23:18:43.044783,ETHUSDT,2923.80,22.73,2923.81,22.78
2025-12-25T23:18:43.115441,ETHUSDT,2923.80,16.48,2923.81,23.58
2025-12-25T23:18:43.334889,ETHUSDT,2923.80,14.75,2923.81,23.58
2025-12-25T23:18:43.661831,ETHUSDT,2923.80,13.39,2923.81,23.58
2025-12-25T23:18:43.662734,ETHUSDT,2923.80,13.40,2923.81,23.58
2025-12-25T23:18:43.846222,ETHUSDT,2923.80,13.52,2923.81,23.58
2025-12-25T23:18:44.015511,ETHUSDT,2923.80,18.45,2923.81,23.58
2025-12-25T23:18:44.045860,ETHUSDT,2923.80,13.52,2923.81,23.58
2025-12-25T23:18:44.136395,ETHUSDT,2923.80,13.59,2923.81,23.58
2025-12-25T23:18:44.480786,ETHUSDT,2923.80,13.65,2923.81,23.58
2025-12-25T23:18:44.481625,ETHUSDT,2923.80,13.65,2923.81,23.56
2025-12-25T23:18:44.616171,ETHUSDT,2923.80,19.90,2923.81,23.56
2025-12-25T23:18:44.645632,ETHUSDT,2923.80,13.65,2923.81,23.56
2025-12-25T23:18:44.706676,ETHUSDT,2923.80,13.65,2923.81,23.10
2025-12-25T23:18:44.855273,ETHUSDT,2923.80,8.80,2923.81,23.10
2025-12-25T23:18:45.025418,ETHUSDT,2923.80,8.80,2923.81,23.09
2025-12-25T23:18:45.034693,ETHUSDT,2923.80,13.65,2923.81,23.09
2025-12-25T23:18:45.158680,ETHUSDT,2923.80,23.98,2923.81,23.09
2025-12-25T23:18:45.226236,ETHUSDT,2923.80,23.98,2923.81,15.96
2025-12-25T23:18:45.235807,ETHUSDT,2923.80,23.98,2923.81,16.96
2025-12-25T23:18:45.376633,ETHUSDT,2923.80,23.98,2923.81,19.94
2025-12-25T23:18:45.415832,ETHUSDT,2923.80,23.95,2923.81,19.94
2025-12-25T23:18:45.565311,ETHUSDT,2923.80,23.95,2923.81,24.75
2025-12-25T23:18:45.675956,ETHUSDT,2923.80,25.99,2923.81,24.75
2025-12-25T23:18:45.684938,ETHUSDT,2923.80,26.00,2923.81,24.75
2025-12-25T23:18:45.714457,ETHUSDT,2923.80,26.00,2923.81,19.94
2025-12-25T23:18:45.845475,ETHUSDT,2923.80,26.00,2923.81,6.49
2025-12-25T23:18:45.856093,ETHUSDT,2923.80,23.74,2923.81,6.22
2025-12-25T23:18:45.925641,ETHUSDT,2923.80,23.74,2923.81,8.07
2025-12-25T23:18:46.225855,ETHUSDT,2923.80,23.74,2923.81,18.41
2025-12-25T23:18:46.355509,ETHUSDT,2923.80,23.74,2923.81,23.37
2025-12-25T23:18:46.595716,ETHUSDT,2923.80,23.74,2923.81,23.74
2025-12-25T23:18:47.348717,ETHUSDT,2923.80,25.74,2923.81,23.74
2025-12-25T23:18:47.349595,ETHUSDT,2923.80,25.74,2923.81,23.73
2025-12-25T23:18:47.860777,ETHUSDT,2923.80,20.36,2923.81,23.73
2025-12-25T23:18:47.861484,ETHUSDT,2923.80,15.51,2923.81,23.73
2025-12-25T23:18:47.862012,ETHUSDT,2923.80,15.51,2923.81,23.91
2025-12-25T23:18:47.895257,ETHUSDT,2923.80,5.18,2923.81,23.91
2025-12-25T23:18:47.924708,ETHUSDT,2923.80,4.30,2923.81,23.91
2025-12-25T23:18:48.328394,ETHUSDT,2923.80,15.64,2923.81,23.91
2025-12-25T23:18:48.386007,ETHUSDT,2923.80,24.90,2923.81,13.58
2025-12-25T23:18:48.425005,ETHUSDT,2923.80,24.90,2923.81,19.96
2025-12-25T23:18:48.434813,ETHUSDT,2923.80,24.90,2923.81,20.44
2025-12-25T23:18:48.955115,ETHUSDT,2923.80,24.90,2923.81,22.27
2025-12-25T23:18:48.965043,ETHUSDT,2923.80,24.90,2923.81,23.11
2025-12-25T23:18:49.014992,ETHUSDT,2923.80,24.90,2923.81,23.10
2025-12-25T23:18:49.105439,ETHUSDT,2923.80,24.90,2923.81,21.95
2025-12-25T23:18:49.125224,ETHUSDT,2923.80,24.90,2923.81,22.28
2025-12-25T23:18:50.420116,ETHUSDT,2923.80,24.90,2923.81,23.73
2025-12-25T23:18:50.496024,ETHUSDT,2923.80,27.67,2923.81,2.35
2025-12-25T23:18:50.504419,ETHUSDT,2923.80,28.55,2923.81,2.35
2025-12-25T23:18:50.576004,ETHUSDT,2923.80,28.55,2923.81,0.74
2025-12-25T23:18:50.645514,ETHUSDT,2923.80,29.18,2923.81,1.55
2025-12-25T23:18:50.714956,ETHUSDT,2923.80,29.18,2923.81,0.50
2025-12-25T23:18:50.785208,ETHUSDT,2923.80,29.18,2923.81,1.27
2025-12-25T23:18:50.855737,ETHUSDT,2923.80,29.18,2923.81,0.50
2025-12-25T23:18:50.935448,ETHUSDT,2923.80,29.18,2923.81,0.74
2025-12-25T23:18:51.005082,ETHUSDT,2923.80,29.18,2923.81,0.62
2025-12-25T23:18:51.065186,ETHUSDT,2923.80,29.77,2923.81,0.62
2025-12-25T23:18:51.074836,ETHUSDT,2923.97,13.50,2923.98,1.30
2025-12-25T23:18:51.084421,ETHUSDT,2923.98,40.03,2923.99,0.03
2025-12-25T23:18:51.095242,ETHUSDT,2923.98,42.10,2923.99,0.03
2025-12-25T23:18:51.105201,ETHUSDT,2923.98,43.10,2923.99,0.03
2025-12-25T23:18:51.144601,ETHUSDT,2923.98,45.35,2923.99,0.03
2025-12-25T23:18:51.185534,ETHUSDT,2923.98,47.60,2923.99,0.03
2025-12-25T23:18:51.265039,ETHUSDT,2924.10,47.68,2924.11,45.89
2025-12-25T23:18:51.275272,ETHUSDT,2924.10,52.54,2924.11,45.89
2025-12-25T23:18:51.284942,ETHUSDT,2924.10,52.66,2924.11,45.89
2025-12-25T23:18:51.294974,ETHUSDT,2924.10,52.66,2924.11,46.05
2025-12-25T23:18:51.314570,ETHUSDT,2924.10,54.91,2924.11,45.97
2025-12-25T23:18:51.325204,ETHUSDT,2924.10,50.77,2924.11,45.97
2025-12-25T23:18:51.365617,ETHUSDT,2924.10,42.93,2924.11,45.97
2025-12-25T23:18:51.404790,ETHUSDT,2924.10,42.93,2924.11,47.81
2025-12-25T23:18:51.415166,ETHUSDT,2924.10,42.96,2924.11,47.82
2025-12-25T23:18:51.585647,ETHUSDT,2924.10,47.81,2924.11,47.82
2025-12-25T23:18:52.161056,ETHUSDT,2924.10,50.66,2924.11,47.82
2025-12-25T23:18:52.256125,ETHUSDT,2924.10,49.15,2924.11,47.82
2025-12-25T23:18:52.284982,ETHUSDT,2924.10,48.49,2924.11,47.82
2025-12-25T23:18:52.436154,ETHUSDT,2924.10,48.52,2924.11,47.82
2025-12-25T23:18:52.454679,ETHUSDT,2924.10,48.52,2924.11,47.81
2025-12-25T23:18:52.568797,ETHUSDT,2924.10,48.44,2924.11,47.81
2025-12-25T23:18:52.657144,ETHUSDT,2924.10,48.30,2924.11,47.81
2025-12-25T23:18:52.675155,ETHUSDT,2924.10,48.23,2924.11,47.81
2025-12-25T23:18:52.785104,ETHUSDT,2924.10,40.88,2924.11,49.14
2025-12-25T23:18:52.794650,ETHUSDT,2924.10,10.76,2924.11,49.14
2025-12-25T23:18:52.804955,ETHUSDT,2924.10,7.34,2924.11,49.14
2025-12-25T23:18:52.825226,ETHUSDT,2924.10,6.00,2924.11,49.14
2025-12-25T23:18:52.875568,ETHUSDT,2924.10,5.12,2924.11,49.14
2025-12-25T23:18:53.288992,ETHUSDT,2924.10,16.46,2924.11,49.14
2025-12-25T23:18:53.325002,ETHUSDT,2924.10,11.61,2924.11,49.14
2025-12-25T23:18:53.415969,ETHUSDT,2924.10,11.58,2924.11,49.14
2025-12-25T23:18:53.546155,ETHUSDT,2924.10,11.58,2924.11,49.13
2025-12-25T23:18:53.574927,ETHUSDT,2924.10,5.09,2924.11,49.13
2025-12-25T23:18:54.312643,ETHUSDT,2923.97,0.04,2924.00,9.49
2025-12-25T23:18:54.313346,ETHUSDT,2923.96,0.02,2923.97,71.81
2025-12-25T23:18:54.313764,ETHUSDT,2923.80,2.08,2923.81,45.02
2025-12-25T23:18:54.314353,ETHUSDT,2923.80,2.08,2923.81,122.15
2025-12-25T23:18:54.361549,ETHUSDT,2923.80,0.12,2923.81,122.15
2025-12-25T23:18:54.364927,ETHUSDT,2923.80,0.12,2923.81,123.33
2025-12-25T23:18:54.424609,ETHUSDT,2923.80,0.12,2923.81,125.17
2025-12-25T23:18:54.475211,ETHUSDT,2923.80,0.24,2923.81,124.57
2025-12-25T23:18:54.484472,ETHUSDT,2923.80,0.24,2923.81,124.56
2025-12-25T23:18:54.495321,ETHUSDT,2923.80,0.34,2923.81,123.82
2025-12-25T23:18:54.575515,ETHUSDT,2923.80,11.68,2923.81,119.10
2025-12-25T23:18:54.584523,ETHUSDT,2923.80,22.01,2923.81,110.86
2025-12-25T23:18:54.595464,ETHUSDT,2923.80,22.01,2923.81,100.53
2025-12-25T23:18:54.604580,ETHUSDT,2923.80,10.67,2923.81,100.53
2025-12-25T23:18:54.685494,ETHUSDT,2923.80,15.52,2923.81,100.53
2025-12-25T23:18:54.695159,ETHUSDT,2923.80,27.58,2923.81,90.53
2025-12-25T23:18:54.704908,ETHUSDT,2923.80,28.46,2923.81,90.53
2025-12-25T23:18:54.757449,ETHUSDT,2923.80,28.46,2923.81,83.63
2025-12-25T23:18:54.795590,ETHUSDT,2923.80,23.61,2923.81,83.63
2025-12-25T23:18:54.804982,ETHUSDT,2923.80,28.46,2923.81,83.63
2025-12-25T23:18:54.815390,ETHUSDT,2923.80,28.46,2923.81,68.49
2025-12-25T23:18:54.834699,ETHUSDT,2923.80,28.46,2923.81,47.57
2025-12-25T23:18:55.068188,ETHUSDT,2923.80,23.61,2923.81,47.57
2025-12-25T23:18:55.195847,ETHUSDT,2923.80,23.60,2923.81,47.57
2025-12-25T23:18:55.225422,ETHUSDT,2923.80,28.45,2923.81,47.57
2025-12-25T23:18:55.325141,ETHUSDT,2923.80,28.45,2923.81,47.23
2025-12-25T23:18:55.745495,ETHUSDT,2923.80,22.29,2923.81,47.23
2025-12-25T23:18:55.746228,ETHUSDT,2923.80,17.44,2923.81,47.23
2025-12-25T23:18:55.746833,ETHUSDT,2923.80,19.48,2923.81,47.23
2025-12-25T23:18:56.049915,ETHUSDT,2923.80,18.46,2923.81,47.23
2025-12-25T23:18:56.050790,ETHUSDT,2923.80,18.50,2923.81,47.23
2025-12-25T23:18:56.056300,ETHUSDT,2923.80,15.41,2923.81,47.23
2025-12-25T23:18:56.064448,ETHUSDT,2923.80,14.53,2923.81,47.23
2025-12-25T23:18:56.115875,ETHUSDT,2923.80,2.14,2923.81,47.23
2025-12-25T23:18:56.135204,ETHUSDT,2923.80,8.63,2923.81,47.23
2025-12-25T23:18:56.196044,ETHUSDT,2923.80,8.75,2923.81,47.23
2025-12-25T23:18:56.275289,ETHUSDT,2923.80,15.00,2923.81,47.23
2025-12-25T23:18:56.796102,ETHUSDT,2923.80,8.75,2923.81,47.23
2025-12-25T23:18:56.804806,ETHUSDT,2923.80,19.85,2923.81,47.23
2025-12-25T23:18:56.815281,ETHUSDT,2923.80,13.60,2923.81,47.23
2025-12-25T23:18:56.875422,ETHUSDT,2923.80,18.91,2923.81,47.23
2025-12-25T23:18:56.905479,ETHUSDT,2923.80,18.91,2923.81,43.72
2025-12-25T23:18:56.935522,ETHUSDT,2923.80,25.25,2923.81,43.72
2025-12-25T23:18:57.135529,ETHUSDT,2923.80,25.27,2923.81,41.56
2025-12-25T23:18:57.691576,ETHUSDT,2923.80,25.27,2923.81,40.38
2025-12-25T23:18:58.202561,ETHUSDT,2923.80,25.27,2923.81,34.73
2025-12-25T23:18:58.203407,ETHUSDT,2923.80,25.61,2923.81,34.73
2025-12-25T23:18:58.886429,ETHUSDT,2923.80,20.30,2923.81,34.73
2025-12-25T23:18:58.959003,ETHUSDT,2923.80,21.93,2923.81,34.73
2025-12-25T23:18:59.115834,ETHUSDT,2923.80,20.30,2923.81,34.73
2025-12-25T23:18:59.275145,ETHUSDT,2923.80,21.95,2923.81,34.73
2025-12-25T23:19:00.265224,ETHUSDT,2923.80,20.30,2923.81,34.73
2025-12-25T23:19:00.285031,ETHUSDT,2923.80,21.30,2923.81,34.73
2025-12-25T23:19:00.435539,ETHUSDT,2923.80,16.45,2923.81,34.73
2025-12-25T23:19:00.495969,ETHUSDT,2923.80,10.12,2923.81,34.73
2025-12-25T23:19:00.535104,ETHUSDT,2923.80,10.08,2923.81,34.73
2025-12-25T23:19:00.705910,ETHUSDT,2923.80,16.12,2923.81,34.73
2025-12-25T23:19:00.745172,ETHUSDT,2923.80,20.97,2923.81,34.73
2025-12-25T23:19:00.805280,ETHUSDT,2923.80,16.12,2923.81,34.73
2025-12-25T23:19:00.886197,ETHUSDT,2923.80,16.12,2923.81,34.39
2025-12-25T23:19:00.895455,ETHUSDT,2923.80,20.97,2923.81,34.39
2025-12-25T23:19:00.959200,ETHUSDT,2923.80,21.99,2923.81,34.39
2025-12-25T23:19:01.045245,ETHUSDT,2923.80,20.97,2923.81,34.39
2025-12-25T23:19:01.055599,ETHUSDT,2923.80,21.57,2923.81,34.39
2025-12-25T23:19:01.095122,ETHUSDT,2923.80,16.72,2923.81,34.39
2025-12-25T23:19:01.144946,ETHUSDT,2923.80,16.72,2923.81,34.40
2025-12-25T23:19:01.295551,ETHUSDT,2923.80,13.82,2923.81,34.40
2025-12-25T23:19:01.334441,ETHUSDT,2923.80,18.67,2923.81,34.40
2025-12-25T23:19:01.355531,ETHUSDT,2923.80,13.82,2923.81,34.40
2025-12-25T23:19:01.415833,ETHUSDT,2923.80,18.67,2923.81,34.40
2025-12-25T23:19:01.485567,ETHUSDT,2923.80,13.82,2923.81,34.40
2025-12-25T23:19:01.505208,ETHUSDT,2923.80,7.33,2923.81,34.40
2025-12-25T23:19:01.514759,ETHUSDT,2923.80,4.19,2923.81,36.36
2025-12-25T23:19:01.535122,ETHUSDT,2923.80,1.81,2923.81,37.22
2025-12-25T23:19:01.556768,ETHUSDT,2923.80,1.77,2923.81,37.22
2025-12-25T23:19:01.595562,ETHUSDT,2923.53,22.61,2923.54,11.47
2025-12-25T23:19:01.604802,ETHUSDT,2923.53,35.76,2923.54,4.99
2025-12-25T23:19:01.624859,ETHUSDT,2923.53,35.76,2923.54,11.48
2025-12-25T23:19:01.634888,ETHUSDT,2923.53,46.02,2923.54,20.13
2025-12-25T23:19:01.648908,ETHUSDT,2923.53,48.27,2923.54,20.13
2025-12-25T23:19:01.659461,ETHUSDT,2923.53,48.64,2923.54,20.13
2025-12-25T23:19:01.664873,ETHUSDT,2923.53,50.35,2923.54,20.13
2025-12-25T23:19:01.674914,ETHUSDT,2923.53,58.93,2923.54,15.46
2025-12-25T23:19:01.684878,ETHUSDT,2923.53,58.93,2923.54,13.30
2025-12-25T23:19:01.757263,ETHUSDT,2923.53,58.93,2923.54,4.65
2025-12-25T23:19:01.804757,ETHUSDT,2923.53,59.05,2923.54,4.65
2025-12-25T23:19:01.815796,ETHUSDT,2923.53,59.19,2923.54,2.92
2025-12-25T23:19:01.856658,ETHUSDT,2923.53,59.19,2923.54,2.51
2025-12-25T23:19:01.925052,ETHUSDT,2923.53,59.19,2923.54,1.85
2025-12-25T23:19:01.996006,ETHUSDT,2923.53,59.19,2923.54,1.97
2025-12-25T23:19:02.065963,ETHUSDT,2923.53,59.19,2923.54,1.58
2025-12-25T23:19:02.096014,ETHUSDT,2923.53,59.23,2923.54,1.58
2025-12-25T23:19:02.135924,ETHUSDT,2923.53,59.23,2923.54,1.84
2025-12-25T23:19:02.165256,ETHUSDT,2923.53,59.20,2923.54,1.84
2025-12-25T23:19:02.215727,ETHUSDT,2923.53,59.20,2923.54,1.51
2025-12-25T23:19:02.224560,ETHUSDT,2923.65,22.96,2923.66,0.02
2025-12-25T23:19:02.237965,ETHUSDT,2923.71,10.99,2923.72,1.35
2025-12-25T23:19:02.245206,ETHUSDT,2923.71,78.95,2923.72,1.36
2025-12-25T23:19:02.286314,ETHUSDT,2923.71,79.83,2923.72,1.36
2025-12-25T23:19:02.325857,ETHUSDT,2923.71,82.08,2923.72,1.36
2025-12-25T23:19:02.356987,ETHUSDT,2923.71,82.08,2923.72,2.03
2025-12-25T23:19:02.375264,ETHUSDT,2923.71,82.08,2923.72,0.69
2025-12-25T23:19:02.415585,ETHUSDT,2923.71,82.11,2923.72,2.85
2025-12-25T23:19:02.424854,ETHUSDT,2923.71,82.11,2923.72,9.01
2025-12-25T23:19:02.486052,ETHUSDT,2923.71,82.11,2923.72,14.91
2025-12-25T23:19:02.495257,ETHUSDT,2923.71,82.11,2923.72,25.24
2025-12-25T23:19:02.505120,ETHUSDT,2923.71,82.11,2923.72,26.15
2025-12-25T23:19:02.575831,ETHUSDT,2923.71,82.11,2923.72,26.71
2025-12-25T23:19:02.635055,ETHUSDT,2923.71,82.11,2923.72,16.38
2025-12-25T23:19:03.355938,ETHUSDT,2923.71,82.11,2923.72,21.74
2025-12-25T23:19:03.732539,ETHUSDT,2923.71,82.11,2923.72,25.68
2025-12-25T23:19:04.346765,ETHUSDT,2923.71,82.11,2923.72,20.32
2025-12-25T23:19:04.347594,ETHUSDT,2923.71,82.11,2923.72,16.38
2025-12-25T23:19:04.365266,ETHUSDT,2923.71,82.11,2923.72,9.89
2025-12-25T23:19:04.375206,ETHUSDT,2923.71,82.11,2923.72,1.83
2025-12-25T23:19:04.456711,ETHUSDT,2923.71,82.11,2923.72,0.02
2025-12-25T23:19:04.484870,ETHUSDT,2923.71,82.75,2923.72,0.02
2025-12-25T23:19:04.525307,ETHUSDT,2923.71,82.11,2923.72,0.93
2025-12-25T23:19:04.595525,ETHUSDT,2923.71,82.11,2923.72,0.02
2025-12-25T23:19:04.665230,ETHUSDT,2923.71,82.11,2923.72,4.37
2025-12-25T23:19:04.675736,ETHUSDT,2923.71,82.11,2923.72,2.21
2025-12-25T23:19:04.735916,ETHUSDT,2923.71,82.11,2923.72,1.75
2025-12-25T23:19:04.816006,ETHUSDT,2923.71,82.11,2923.72,2.85
2025-12-25T23:19:04.857210,ETHUSDT,2923.71,82.15,2923.72,2.85
2025-12-25T23:19:04.884858,ETHUSDT,2923.71,82.15,2923.72,2.07
2025-12-25T23:19:04.959330,ETHUSDT,2923.71,82.15,2923.72,3.01
2025-12-25T23:19:04.985064,ETHUSDT,2923.71,82.15,2923.72,9.50
2025-12-25T23:19:04.994987,ETHUSDT,2923.71,82.15,2923.72,11.66
2025-12-25T23:19:05.024878,ETHUSDT,2923.71,82.15,2923.72,25.99
2025-12-25T23:19:05.096014,ETHUSDT,2923.71,77.30,2923.72,27.40
2025-12-25T23:19:05.105134,ETHUSDT,2923.71,82.15,2923.72,27.40
2025-12-25T23:19:05.125560,ETHUSDT,2923.71,82.15,2923.72,20.38
2025-12-25T23:19:05.625483,ETHUSDT,2923.71,82.15,2923.72,20.36
2025-12-25T23:19:05.635587,ETHUSDT,2923.71,82.15,2923.72,20.37
2025-12-25T23:19:06.190265,ETHUSDT,2923.71,82.15,2923.72,23.74
2025-12-25T23:19:06.497056,ETHUSDT,2923.71,81.73,2923.72,23.74
2025-12-25T23:19:06.497649,ETHUSDT,2923.71,81.73,2923.72,1.83
2025-12-25T23:19:06.498187,ETHUSDT,2923.71,84.58,2923.72,1.83
2025-12-25T23:19:06.558071,ETHUSDT,2923.79,15.76,2923.80,0.02
2025-12-25T23:19:06.564454,ETHUSDT,2923.79,103.73,2923.80,0.02
2025-12-25T23:19:06.574807,ETHUSDT,2923.80,116.60,2923.81,0.02
2025-12-25T23:19:06.584590,ETHUSDT,2923.80,119.63,2923.81,0.02
2025-12-25T23:19:06.644904,ETHUSDT,2923.80,117.47,2923.81,8.68
2025-12-25T23:19:06.655849,ETHUSDT,2923.80,119.08,2923.81,8.68
2025-12-25T23:19:06.756954,ETHUSDT,2923.80,119.08,2923.81,6.52
2025-12-25T23:19:06.765950,ETHUSDT,2923.80,119.08,2923.81,8.33
2025-12-25T23:19:06.775758,ETHUSDT,2923.80,116.25,2923.81,1.84
2025-12-25T23:19:06.804790,ETHUSDT,2923.80,116.25,2923.81,10.49
2025-12-25T23:19:06.814778,ETHUSDT,2923.80,116.25,2923.81,8.33
2025-12-25T23:19:06.856864,ETHUSDT,2923.80,116.25,2923.81,6.53
2025-12-25T23:19:06.925205,ETHUSDT,2923.80,116.25,2923.81,8.33
2025-12-25T23:19:07.065432,ETHUSDT,2924.06,0.01,2924.10,1.34
2025-12-25T23:19:07.075512,ETHUSDT,2924.09,39.15,2924.10,34.01
2025-12-25T23:19:07.085943,ETHUSDT,2924.09,39.21,2924.10,34.01
2025-12-25T23:19:07.100325,ETHUSDT,2924.09,46.91,2924.10,25.08
2025-12-25T23:19:07.109059,ETHUSDT,2924.09,46.91,2924.10,25.24
2025-12-25T23:19:07.124802,ETHUSDT,2924.09,49.16,2924.10,25.24
2025-12-25T23:19:07.135180,ETHUSDT,2924.09,49.16,2924.10,14.91
2025-12-25T23:19:07.164921,ETHUSDT,2924.09,46.91,2924.10,14.91
2025-12-25T23:19:07.175312,ETHUSDT,2924.09,46.91,2924.10,15.25
2025-12-25T23:19:07.205002,ETHUSDT,2924.09,46.91,2924.10,8.35
2025-12-25T23:19:07.215174,ETHUSDT,2924.09,46.91,2924.10,10.16
2025-12-25T23:19:07.275142,ETHUSDT,2924.09,46.91,2924.10,3.67
2025-12-25T23:19:07.285417,ETHUSDT,2924.09,46.91,2924.10,12.32
2025-12-25T23:19:07.356515,ETHUSDT,2924.09,46.91,2924.10,11.43
2025-12-25T23:19:07.425191,ETHUSDT,2924.09,46.91,2924.10,12.31
2025-12-25T23:19:07.585650,ETHUSDT,2924.09,43.91,2924.10,12.31
2025-12-25T23:19:07.604782,ETHUSDT,2924.09,44.91,2924.10,12.31
2025-12-25T23:19:07.636560,ETHUSDT,2924.09,41.07,2924.10,12.31
2025-12-25T23:19:07.826775,ETHUSDT,2924.09,40.97,2924.10,12.32
2025-12-25T23:19:07.834802,ETHUSDT,2924.09,38.07,2924.10,12.32
2025-12-25T23:19:07.864978,ETHUSDT,2924.09,38.07,2924.10,22.65
2025-12-25T23:19:07.875007,ETHUSDT,2924.09,37.36,2924.10,23.62
2025-12-25T23:19:07.895018,ETHUSDT,2924.09,37.36,2924.10,13.28
2025-12-25T23:19:07.934985,ETHUSDT,2924.09,37.36,2924.10,12.31
2025-12-25T23:19:08.365951,ETHUSDT,2924.09,37.36,2924.10,20.14
2025-12-25T23:19:08.445809,ETHUSDT,2924.09,17.48,2924.10,29.03
2025-12-25T23:19:08.455623,ETHUSDT,2924.09,11.37,2924.10,29.03
2025-12-25T23:19:08.484802,ETHUSDT,2924.09,8.23,2924.10,29.03
2025-12-25T23:19:08.504682,ETHUSDT,2924.09,8.23,2924.10,30.30
2025-12-25T23:19:08.585774,ETHUSDT,2924.09,8.23,2924.10,25.31
2025-12-25T23:19:08.595201,ETHUSDT,2924.09,8.23,2924.10,25.47
2025-12-25T23:19:08.605780,ETHUSDT,2924.09,8.23,2924.10,25.56
2025-12-25T23:19:08.656956,ETHUSDT,2924.09,8.23,2924.10,26.48
2025-12-25T23:19:08.850536,ETHUSDT,2924.09,13.08,2924.10,26.48
2025-12-25T23:19:09.015661,ETHUSDT,2924.09,13.08,2924.10,64.24
2025-12-25T23:19:09.024448,ETHUSDT,2924.09,8.23,2924.10,64.25
2025-12-25T23:19:09.064612,ETHUSDT,2924.09,7.35,2924.10,64.25
2025-12-25T23:19:09.335357,ETHUSDT,2924.09,12.20,2924.10,64.25
2025-12-25T23:19:09.355719,ETHUSDT,2924.09,28.91,2924.10,64.25
2025-12-25T23:19:09.395532,ETHUSDT,2924.09,28.91,2924.10,59.47
2025-12-25T23:19:09.404719,ETHUSDT,2924.09,28.91,2924.10,54.09
2025-12-25T23:19:09.536585,ETHUSDT,2924.09,29.71,2924.10,90.42
2025-12-25T23:19:09.556196,ETHUSDT,2924.09,22.66,2924.10,90.41
2025-12-25T23:19:09.676266,ETHUSDT,2924.09,22.49,2924.10,90.41
2025-12-25T23:19:09.905918,ETHUSDT,2924.09,17.64,2924.10,90.41
2025-12-25T23:19:09.956253,ETHUSDT,2924.09,17.64,2924.10,89.92
2025-12-25T23:19:09.986280,ETHUSDT,2924.09,17.64,2924.10,90.01
2025-12-25T23:19:10.226331,ETHUSDT,2924.09,17.64,2924.10,89.92
2025-12-25T23:19:10.265775,ETHUSDT,2924.09,26.92,2924.10,89.92
2025-12-25T23:19:10.304936,ETHUSDT,2924.09,22.49,2924.10,89.92
2025-12-25T23:19:10.446133,ETHUSDT,2924.09,22.49,2924.10,90.01
2025-12-25T23:19:10.757658,ETHUSDT,2924.09,22.48,2924.10,90.01
2025-12-25T23:19:10.855936,ETHUSDT,2924.09,22.48,2924.10,88.31
2025-12-25T23:19:10.976131,ETHUSDT,2924.09,22.48,2924.10,88.30
2025-12-25T23:19:11.046475,ETHUSDT,2924.09,22.48,2924.10,88.31
2025-12-25T23:19:11.206230,ETHUSDT,2924.09,22.48,2924.10,88.30
2025-12-25T23:19:11.315081,ETHUSDT,2924.09,22.48,2924.10,84.06
2025-12-25T23:19:11.410595,ETHUSDT,2924.09,22.48,2924.10,83.73
2025-12-25T23:19:11.475162,ETHUSDT,2924.09,22.48,2924.10,84.06
2025-12-25T23:19:11.635444,ETHUSDT,2924.09,22.04,2924.10,84.06
2025-12-25T23:19:11.644923,ETHUSDT,2924.09,7.30,2924.10,84.06
2025-12-25T23:19:11.835897,ETHUSDT,2924.09,13.79,2924.10,84.06
2025-12-25T23:19:11.845571,ETHUSDT,2924.09,18.64,2924.10,84.06
2025-12-25T23:19:11.875595,ETHUSDT,2924.09,18.51,2924.10,84.06
2025-12-25T23:19:11.934999,ETHUSDT,2924.09,12.02,2924.10,84.06
2025-12-25T23:19:12.357072,ETHUSDT,2924.09,74.87,2924.10,76.23
2025-12-25T23:19:12.364835,ETHUSDT,2924.09,75.75,2924.10,72.39
2025-12-25T23:19:12.375075,ETHUSDT,2924.09,79.81,2924.10,72.55
2025-12-25T23:19:12.384741,ETHUSDT,2924.09,76.39,2924.10,72.55
2025-12-25T23:19:12.393833,ETHUSDT,2924.09,75.59,2924.10,72.39
2025-12-25T23:19:12.416173,ETHUSDT,2924.09,75.74,2924.10,72.39
2025-12-25T23:19:12.424707,ETHUSDT,2924.09,79.16,2924.10,72.39
2025-12-25T23:19:12.434972,ETHUSDT,2924.09,79.16,2924.10,72.30
2025-12-25T23:19:12.444679,ETHUSDT,2924.09,79.16,2924.10,72.85
2025-12-25T23:19:12.505807,ETHUSDT,2924.09,79.16,2924.10,71.60
2025-12-25T23:19:12.514784,ETHUSDT,2924.09,75.74,2924.10,72.50
2025-12-25T23:19:12.615817,ETHUSDT,2924.09,75.72,2924.10,72.50
2025-12-25T23:19:12.825333,ETHUSDT,2924.09,72.82,2924.10,72.50
2025-12-25T23:19:12.875727,ETHUSDT,2924.09,76.24,2924.10,72.50
2025-12-25T23:19:12.884692,ETHUSDT,2924.09,72.82,2924.10,72.50
2025-12-25T23:19:13.415421,ETHUSDT,2924.09,72.85,2924.10,72.50
2025-12-25T23:19:13.870440,ETHUSDT,2924.09,72.21,2924.10,72.50
2025-12-25T23:19:13.871281,ETHUSDT,2924.09,73.01,2924.10,72.50
2025-12-25T23:19:13.948084,ETHUSDT,2924.09,73.34,2924.10,72.50
2025-12-25T23:19:14.587379,ETHUSDT,2924.09,73.37,2924.10,72.50
2025-12-25T23:19:14.588205,ETHUSDT,2924.09,72.69,2924.10,72.50
2025-12-25T23:19:14.856947,ETHUSDT,2924.09,72.69,2924.10,71.77
2025-12-25T23:19:14.865455,ETHUSDT,2924.09,72.69,2924.10,71.76
2025-12-25T23:19:14.885271,ETHUSDT,2924.09,72.69,2924.10,66.22
2025-12-25T23:19:14.945517,ETHUSDT,2924.09,72.86,2924.10,66.22
2025-12-25T23:19:15.296048,ETHUSDT,2924.09,76.28,2924.10,66.22
2025-12-25T23:19:15.345065,ETHUSDT,2924.09,76.28,2924.10,66.10
2025-12-25T23:19:15.357691,ETHUSDT,2924.09,76.40,2924.10,66.10
2025-12-25T23:19:15.416379,ETHUSDT,2924.09,76.43,2924.10,66.10
2025-12-25T23:19:15.713606,ETHUSDT,2924.09,77.10,2924.10,66.10
2025-12-25T23:19:15.925512,ETHUSDT,2924.09,80.00,2924.10,66.10
2025-12-25T23:19:15.945775,ETHUSDT,2924.09,80.17,2924.10,66.10
2025-12-25T23:19:16.547085,ETHUSDT,2924.09,80.20,2924.10,66.10
2025-12-25T23:19:16.616209,ETHUSDT,2924.09,80.20,2924.10,63.38
2025-12-25T23:19:16.624820,ETHUSDT,2924.09,80.29,2924.10,63.38
2025-12-25T23:19:16.945138,ETHUSDT,2924.09,80.29,2924.10,27.05
2025-12-25T23:19:16.965102,ETHUSDT,2924.09,80.29,2924.10,1.78
2025-12-25T23:19:17.005103,ETHUSDT,2924.09,80.29,2924.10,1.08
2025-12-25T23:19:17.014875,ETHUSDT,2924.09,81.14,2924.10,1.09
2025-12-25T23:19:17.034678,ETHUSDT,2924.10,2.62,2924.14,0.02
2025-12-25T23:19:17.044754,ETHUSDT,2924.20,127.68,2924.21,0.03
2025-12-25T23:19:17.060869,ETHUSDT,2924.27,22.76,2924.28,0.02
2025-12-25T23:19:17.064471,ETHUSDT,2924.30,21.01,2924.31,0.02
2025-12-25T23:19:17.075012,ETHUSDT,2924.32,6.01,2924.33,0.34
2025-12-25T23:19:17.085183,ETHUSDT,2924.32,91.62,2924.33,2.14
2025-12-25T23:19:17.094717,ETHUSDT,2924.32,92.03,2924.33,2.14
2025-12-25T23:19:17.115197,ETHUSDT,2924.32,92.03,2924.33,2.30
2025-12-25T23:19:17.125040,ETHUSDT,2924.32,90.65,2924.33,2.31
2025-12-25T23:19:17.155059,ETHUSDT,2924.32,90.65,2924.33,0.52
2025-12-25T23:19:17.164444,ETHUSDT,2924.32,90.65,2924.33,0.18
2025-12-25T23:19:17.194765,ETHUSDT,2924.32,90.65,2924.33,1.08
2025-12-25T23:19:17.247656,ETHUSDT,2924.32,92.90,2924.33,1.08
2025-12-25T23:19:17.264487,ETHUSDT,2924.32,92.90,2924.33,0.02
2025-12-25T23:19:17.335184,ETHUSDT,2924.32,92.90,2924.33,0.55
2025-12-25T23:19:17.404847,ETHUSDT,2924.32,92.90,2924.33,0.02
2025-12-25T23:19:17.414592,ETHUSDT,2924.32,92.93,2924.33,0.02
2025-12-25T23:19:17.485746,ETHUSDT,2924.32,92.93,2924.33,0.29
2025-12-25T23:19:17.555659,ETHUSDT,2924.32,92.93,2924.33,0.02
2025-12-25T23:19:17.574990,ETHUSDT,2924.32,95.78,2924.33,0.02
2025-12-25T23:19:17.624507,ETHUSDT,2924.32,95.78,2924.33,0.16
2025-12-25T23:19:17.695192,ETHUSDT,2924.32,95.78,2924.33,0.02
2025-12-25T23:19:18.068739,ETHUSDT,2924.32,96.11,2924.33,0.02
2025-12-25T23:19:18.135024,ETHUSDT,2924.32,95.77,2924.33,0.02
2025-12-25T23:19:18.185655,ETHUSDT,2924.32,95.77,2924.33,49.18
2025-12-25T23:19:18.355888,ETHUSDT,2924.32,95.77,2924.33,50.94
2025-12-25T23:19:18.415754,ETHUSDT,2924.32,95.80,2924.33,50.94
2025-12-25T23:19:18.945484,ETHUSDT,2924.32,95.97,2924.33,50.94
2025-12-25T23:19:19.415404,ETHUSDT,2924.32,96.00,2924.33,50.94
2025-12-25T23:19:19.855878,ETHUSDT,2924.32,90.00,2924.33,50.94
2025-12-25T23:19:19.866526,ETHUSDT,2924.32,84.08,2924.33,50.94
2025-12-25T23:19:19.944943,ETHUSDT,2924.32,84.25,2924.33,50.94
2025-12-25T23:19:20.526582,ETHUSDT,2924.32,84.28,2924.33,50.94
2025-12-25T23:19:21.038657,ETHUSDT,2924.32,84.45,2924.33,50.94
2025-12-25T23:19:21.405462,ETHUSDT,2924.32,84.79,2924.33,50.94
2025-12-25T23:19:21.415140,ETHUSDT,2924.32,84.82,2924.33,50.94
2025-12-25T23:19:21.958201,ETHUSDT,2924.32,85.50,2924.33,50.94
2025-12-25T23:19:22.114945,ETHUSDT,2924.32,85.50,2924.33,89.44
2025-12-25T23:19:22.216018,ETHUSDT,2924.32,88.50,2924.33,89.44
2025-12-25T23:19:22.224854,ETHUSDT,2924.32,87.90,2924.33,89.44
2025-12-25T23:19:22.256673,ETHUSDT,2924.32,89.94,2924.33,89.44
2025-12-25T23:19:22.375502,ETHUSDT,2924.32,90.61,2924.33,89.44
2025-12-25T23:19:22.415509,ETHUSDT,2924.32,90.64,2924.33,89.44
2025-12-25T23:19:22.435184,ETHUSDT,2924.32,93.64,2924.33,89.44
2025-12-25T23:19:22.966103,ETHUSDT,2924.32,92.04,2924.33,89.44
2025-12-25T23:19:23.085264,ETHUSDT,2924.32,92.04,2924.33,1.78
2025-12-25T23:19:23.094988,ETHUSDT,2924.32,89.04,2924.33,1.78
2025-12-25T23:19:23.175385,ETHUSDT,2924.32,89.04,2924.33,0.02
2025-12-25T23:19:23.245242,ETHUSDT,2924.32,89.04,2924.33,0.90
2025-12-25T23:19:23.315254,ETHUSDT,2924.32,89.04,2924.33,0.02
2025-12-25T23:19:23.325618,ETHUSDT,2924.32,92.04,2924.33,0.02
2025-12-25T23:19:23.385386,ETHUSDT,2924.32,92.04,2924.33,0.46
2025-12-25T23:19:23.466994,ETHUSDT,2924.32,92.04,2924.33,0.02
2025-12-25T23:19:23.535047,ETHUSDT,2924.32,92.04,2924.33,0.24
2025-12-25T23:19:23.604865,ETHUSDT,2924.33,6.92,2924.40,0.03
2025-12-25T23:19:23.615687,ETHUSDT,2924.45,35.89,2924.46,0.04
2025-12-25T23:19:23.624620,ETHUSDT,2924.48,25.38,2924.49,0.02
2025-12-25T23:19:23.634855,ETHUSDT,2924.49,111.05,2924.50,3.19
2025-12-25T23:19:23.644671,ETHUSDT,2924.49,123.96,2924.50,3.19
2025-12-25T23:19:23.660811,ETHUSDT,2924.49,114.57,2924.50,3.19
2025-12-25T23:19:23.705131,ETHUSDT,2924.49,116.82,2924.50,3.19
2025-12-25T23:19:23.745259,ETHUSDT,2924.49,114.64,2924.50,4.78
2025-12-25T23:19:23.826213,ETHUSDT,2924.49,114.64,2924.50,1.85
2025-12-25T23:19:23.834682,ETHUSDT,2924.50,80.03,2924.51,0.02
2025-12-25T23:19:23.845192,ETHUSDT,2924.51,115.77,2924.52,0.03
2025-12-25T23:19:23.854948,ETHUSDT,2924.51,128.56,2924.52,0.03
2025-12-25T23:19:23.864415,ETHUSDT,2924.51,120.56,2924.52,0.03
2025-12-25T23:19:23.885172,ETHUSDT,2924.51,119.18,2924.52,0.03
2025-12-25T23:19:24.015797,ETHUSDT,2924.51,121.43,2924.52,0.03
2025-12-25T23:19:24.066504,ETHUSDT,2924.51,119.18,2924.52,0.03
2025-12-25T23:19:24.108537,ETHUSDT,2924.51,117.63,2924.52,0.03
2025-12-25T23:19:24.175428,ETHUSDT,2924.51,116.54,2924.52,33.96
2025-12-25T23:19:24.325545,ETHUSDT,2924.51,116.54,2924.52,35.72
2025-12-25T23:19:24.435909,ETHUSDT,2924.51,116.57,2924.52,35.72
2025-12-25T23:19:24.785247,ETHUSDT,2924.51,115.77,2924.52,35.72
2025-12-25T23:19:24.804898,ETHUSDT,2924.51,112.87,2924.52,35.72
2025-12-25T23:19:24.875233,ETHUSDT,2924.51,110.71,2924.52,35.72
2025-12-25T23:19:24.927872,ETHUSDT,2924.51,75.77,2924.52,39.98
2025-12-25T23:19:24.934698,ETHUSDT,2924.51,63.94,2924.52,39.98
2025-12-25T23:19:24.945010,ETHUSDT,2924.51,51.12,2924.52,39.98
2025-12-25T23:19:24.985449,ETHUSDT,2924.51,51.12,2924.52,40.78
2025-12-25T23:19:25.005066,ETHUSDT,2924.51,47.95,2924.52,40.78
2025-12-25T23:19:25.029624,ETHUSDT,2924.51,46.61,2924.52,40.78
2025-12-25T23:19:25.034540,ETHUSDT,2924.51,46.27,2924.52,40.78
2025-12-25T23:19:25.044697,ETHUSDT,2924.51,4.97,2924.52,43.70
2025-12-25T23:19:25.055073,ETHUSDT,2924.51,4.09,2924.52,43.70
2025-12-25T23:19:25.064921,ETHUSDT,2924.51,4.09,2924.52,43.86
2025-12-25T23:19:25.135540,ETHUSDT,2924.51,4.03,2924.52,43.86
2025-12-25T23:19:25.255422,ETHUSDT,2924.51,4.03,2924.52,44.50
2025-12-25T23:19:25.295074,ETHUSDT,2924.40,0.01,2924.52,72.00
2025-12-25T23:19:25.304427,ETHUSDT,2924.35,0.01,2924.36,11.77
2025-12-25T23:19:25.315329,ETHUSDT,2924.35,0.02,2924.36,77.44
2025-12-25T23:19:25.346550,ETHUSDT,2924.35,0.02,2924.36,76.97
2025-12-25T23:19:25.358976,ETHUSDT,2924.35,6.51,2924.36,76.97
2025-12-25T23:19:25.364588,ETHUSDT,2924.35,6.52,2924.36,75.26
2025-12-25T23:19:25.395110,ETHUSDT,2924.35,6.52,2924.36,77.02
2025-12-25T23:19:25.504768,ETHUSDT,2924.35,6.64,2924.36,77.02
2025-12-25T23:19:25.575153,ETHUSDT,2924.35,7.31,2924.36,77.02
2025-12-25T23:19:25.584904,ETHUSDT,2924.35,13.56,2924.36,77.02
2025-12-25T23:19:25.976141,ETHUSDT,2924.35,7.31,2924.36,77.02
2025-12-25T23:19:26.362945,ETHUSDT,2924.35,0.82,2924.36,77.02
2025-12-25T23:19:26.364490,ETHUSDT,2924.35,0.82,2924.36,77.87
2025-12-25T23:19:26.670380,ETHUSDT,2924.35,7.31,2924.36,77.87
2025-12-25T23:19:26.671183,ETHUSDT,2924.35,7.31,2924.36,77.02
2025-12-25T23:19:26.674047,ETHUSDT,2924.35,7.43,2924.36,77.02
2025-12-25T23:19:26.715389,ETHUSDT,2924.35,0.94,2924.36,77.02
2025-12-25T23:19:26.785078,ETHUSDT,2924.25,0.01,2924.26,57.62
2025-12-25T23:19:26.795622,ETHUSDT,2924.13,0.34,2924.15,23.32
2025-12-25T23:19:26.804824,ETHUSDT,2924.10,0.04,2924.11,88.36
2025-12-25T23:19:26.814863,ETHUSDT,2924.10,0.03,2924.11,129.37
2025-12-25T23:19:26.824723,ETHUSDT,2924.07,0.10,2924.08,22.52
2025-12-25T23:19:26.834934,ETHUSDT,2924.07,0.11,2924.08,120.20
2025-12-25T23:19:26.844580,ETHUSDT,2924.07,0.11,2924.08,121.18
2025-12-25T23:19:26.863110,ETHUSDT,2924.00,0.08,2924.06,0.26
2025-12-25T23:19:26.864842,ETHUSDT,2924.00,0.08,2924.06,2.03
2025-12-25T23:19:26.875064,ETHUSDT,2924.00,0.06,2924.01,121.57
2025-12-25T23:19:26.884749,ETHUSDT,2923.84,0.01,2923.98,3.82
2025-12-25T23:19:26.895058,ETHUSDT,2923.83,0.02,2923.84,85.15
2025-12-25T23:19:26.904784,ETHUSDT,2923.83,0.01,2923.84,93.16
2025-12-25T23:19:26.914845,ETHUSDT,2923.83,0.01,2923.84,85.16
2025-12-25T23:19:26.924607,ETHUSDT,2923.83,0.01,2923.84,85.55
2025-12-25T23:19:26.935323,ETHUSDT,2923.77,0.01,2923.78,0.47
2025-12-25T23:19:26.944617,ETHUSDT,2923.71,15.49,2923.72,42.60
2025-12-25T23:19:26.955354,ETHUSDT,2923.71,13.78,2923.72,43.38
2025-12-25T23:19:26.975393,ETHUSDT,2923.71,13.78,2923.72,24.28
2025-12-25T23:19:26.985315,ETHUSDT,2923.71,13.78,2923.72,35.82
2025-12-25T23:19:27.025478,ETHUSDT,2923.71,13.77,2923.72,35.82
2025-12-25T23:19:27.035103,ETHUSDT,2923.71,17.61,2923.72,34.95
2025-12-25T23:19:27.045524,ETHUSDT,2923.71,17.60,2923.72,34.95
2025-12-25T23:19:27.057177,ETHUSDT,2923.71,18.48,2923.72,34.95
2025-12-25T23:19:27.084679,ETHUSDT,2923.71,18.48,2923.72,36.70
2025-12-25T23:19:27.186195,ETHUSDT,2923.71,18.62,2923.72,34.54
2025-12-25T23:19:27.205493,ETHUSDT,2923.71,18.74,2923.72,34.54
2025-12-25T23:19:27.357217,ETHUSDT,2923.71,17.79,2923.72,41.48
2025-12-25T23:19:27.405752,ETHUSDT,2923.71,16.91,2923.72,41.48
2025-12-25T23:19:27.445670,ETHUSDT,2923.71,42.10,2923.72,17.88
2025-12-25T23:19:27.455144,ETHUSDT,2923.71,42.10,2923.72,12.35
2025-12-25T23:19:27.488332,ETHUSDT,2923.71,42.98,2923.72,6.71
2025-12-25T23:19:27.574824,ETHUSDT,2923.71,42.97,2923.72,6.71
2025-12-25T23:19:27.575653,ETHUSDT,2923.71,42.97,2923.72,2.89
2025-12-25T23:19:27.655324,ETHUSDT,2923.71,42.97,2923.72,1.70
2025-12-25T23:19:27.725318,ETHUSDT,2923.71,42.97,2923.72,2.30
2025-12-25T23:19:27.745502,ETHUSDT,2923.71,43.10,2923.72,2.30
2025-12-25T23:19:27.795589,ETHUSDT,2923.71,43.10,2923.72,1.40
2025-12-25T23:19:27.865539,ETHUSDT,2923.71,43.10,2923.72,2.15
2025-12-25T23:19:27.935079,ETHUSDT,2923.71,43.10,2923.72,1.33
2025-12-25T23:19:27.944667,ETHUSDT,2923.71,43.10,2923.72,0.21
2025-12-25T23:19:28.015666,ETHUSDT,2923.71,43.10,2923.72,0.96
2025-12-25T23:19:28.085302,ETHUSDT,2923.71,43.10,2923.72,0.02
2025-12-25T23:19:28.095077,ETHUSDT,2923.76,119.98,2923.77,0.03
2025-12-25T23:19:28.104515,ETHUSDT,2923.76,120.10,2923.77,0.03
2025-12-25T23:19:28.643026,ETHUSDT,2923.76,114.51,2923.77,0.03
2025-12-25T23:19:28.717151,ETHUSDT,2923.76,114.50,2923.77,0.03
2025-12-25T23:19:29.128370,ETHUSDT,2923.76,114.49,2923.77,0.03
2025-12-25T23:19:29.129082,ETHUSDT,2923.76,114.49,2923.77,1.76
2025-12-25T23:19:29.129600,ETHUSDT,2923.76,114.48,2923.77,1.76
2025-12-25T23:19:29.185783,ETHUSDT,2923.76,114.48,2923.77,2.64
2025-12-25T23:19:29.235947,ETHUSDT,2923.76,114.48,2923.77,11.57
2025-12-25T23:19:29.245075,ETHUSDT,2923.76,112.32,2923.77,11.57
2025-12-25T23:19:29.254849,ETHUSDT,2923.76,112.32,2923.77,11.14
2025-12-25T23:19:29.264370,ETHUSDT,2923.76,105.16,2923.77,11.14
2025-12-25T23:19:29.295399,ETHUSDT,2923.76,96.51,2923.77,21.47
2025-12-25T23:19:29.304405,ETHUSDT,2923.76,76.58,2923.77,27.37
2025-12-25T23:19:29.314766,ETHUSDT,2923.76,53.48,2923.77,35.77
2025-12-25T23:19:29.325270,ETHUSDT,2923.76,53.48,2923.77,37.08
2025-12-25T23:19:29.334918,ETHUSDT,2923.76,39.36,2923.77,37.08
2025-12-25T23:19:29.345470,ETHUSDT,2923.76,34.54,2923.77,37.88
2025-12-25T23:19:29.364882,ETHUSDT,2923.76,33.66,2923.77,37.88
2025-12-25T23:19:29.415483,ETHUSDT,2923.76,23.33,2923.77,37.88
2025-12-25T23:19:29.525349,ETHUSDT,2923.76,28.18,2923.77,37.88
2025-12-25T23:19:29.557310,ETHUSDT,2923.76,28.17,2923.77,37.88
2025-12-25T23:19:29.605316,ETHUSDT,2923.76,38.50,2923.77,37.08
2025-12-25T23:19:29.665019,ETHUSDT,2923.76,39.38,2923.77,24.80
2025-12-25T23:19:30.050217,ETHUSDT,2923.76,34.53,2923.77,36.00
2025-12-25T23:19:30.052498,ETHUSDT,2923.76,39.38,2923.77,36.00
2025-12-25T23:19:30.135203,ETHUSDT,2923.76,34.53,2923.77,36.00
2025-12-25T23:19:30.149598,ETHUSDT,2923.76,39.38,2923.77,36.00
2025-12-25T23:19:30.460431,ETHUSDT,2923.76,39.38,2923.77,35.13
2025-12-25T23:19:31.074097,ETHUSDT,2923.76,39.38,2923.77,27.17
2025-12-25T23:19:31.134807,ETHUSDT,2923.76,39.52,2923.77,27.17
2025-12-25T23:19:31.176005,ETHUSDT,2923.76,39.52,2923.77,25.64
2025-12-25T23:19:31.184513,ETHUSDT,2923.76,39.52,2923.77,25.65
2025-12-25T23:19:31.245299,ETHUSDT,2923.76,39.52,2923.77,17.57
2025-12-25T23:19:31.254727,ETHUSDT,2923.76,39.52,2923.77,18.01
2025-12-25T23:19:31.264502,ETHUSDT,2923.76,39.52,2923.77,7.68
2025-12-25T23:19:31.276057,ETHUSDT,2923.76,39.52,2923.77,1.78
2025-12-25T23:19:31.305396,ETHUSDT,2923.76,40.52,2923.77,1.78
2025-12-25T23:19:31.356605,ETHUSDT,2923.77,69.00,2923.78,1.35
2025-12-25T23:19:31.364747,ETHUSDT,2923.77,79.00,2923.78,1.35
2025-12-25T23:19:31.378233,ETHUSDT,2923.77,71.00,2923.78,1.35
2025-12-25T23:19:31.385369,ETHUSDT,2923.77,71.00,2923.78,1.34
2025-12-25T23:19:31.404684,ETHUSDT,2923.77,73.25,2923.78,1.34
2025-12-25T23:19:31.414842,ETHUSDT,2923.77,78.90,2923.78,1.34
2025-12-25T23:19:31.495776,ETHUSDT,2923.77,78.90,2923.78,2.00
2025-12-25T23:19:31.565952,ETHUSDT,2923.77,78.90,2923.78,1.67
2025-12-25T23:19:31.635434,ETHUSDT,2923.77,78.90,2923.78,2.17
2025-12-25T23:19:31.645220,ETHUSDT,2923.77,78.90,2923.78,12.50
2025-12-25T23:19:31.656289,ETHUSDT,2923.77,76.74,2923.78,12.51
2025-12-25T23:19:31.664655,ETHUSDT,2923.77,76.74,2923.78,18.41
2025-12-25T23:19:31.716153,ETHUSDT,2923.77,76.74,2923.78,18.24
2025-12-25T23:19:31.788466,ETHUSDT,2923.77,76.74,2923.78,19.33
2025-12-25T23:19:32.345992,ETHUSDT,2923.77,76.74,2923.78,19.18
2025-12-25T23:19:32.445283,ETHUSDT,2923.77,76.74,2923.78,8.85
2025-12-25T23:19:32.535856,ETHUSDT,2923.77,76.80,2923.78,8.85
2025-12-25T23:19:32.756980,ETHUSDT,2923.77,76.80,2923.78,2.27
2025-12-25T23:19:32.764508,ETHUSDT,2923.79,78.45,2923.80,9.70
2025-12-25T23:19:32.778538,ETHUSDT,2923.79,89.48,2923.80,11.43
2025-12-25T23:19:32.785350,ETHUSDT,2923.79,89.60,2923.80,11.43
2025-12-25T23:19:32.815073,ETHUSDT,2923.79,91.84,2923.80,11.43
2025-12-25T23:19:32.824986,ETHUSDT,2923.79,97.50,2923.80,11.43
2025-12-25T23:19:32.916260,ETHUSDT,2923.79,97.50,2923.80,13.19
2025-12-25T23:19:32.945838,ETHUSDT,2923.79,97.67,2923.80,13.19
2025-12-25T23:19:33.120131,ETHUSDT,2923.79,96.43,2923.80,13.18
2025-12-25T23:19:33.124871,ETHUSDT,2923.79,96.43,2923.80,3.50
2025-12-25T23:19:33.215180,ETHUSDT,2923.79,96.43,2923.80,2.62
2025-12-25T23:19:33.285039,ETHUSDT,2923.79,96.43,2923.80,3.06
2025-12-25T23:19:33.356760,ETHUSDT,2923.79,96.43,2923.80,2.40
2025-12-25T23:19:33.414962,ETHUSDT,2923.79,71.51,2923.80,1.71
2025-12-25T23:19:33.426509,ETHUSDT,2923.79,71.51,2923.80,2.26
2025-12-25T23:19:33.495535,ETHUSDT,2923.79,71.51,2923.80,1.31
2025-12-25T23:19:33.565663,ETHUSDT,2923.79,71.51,2923.80,0.27
2025-12-25T23:19:33.575386,ETHUSDT,2923.79,71.51,2923.80,2.27
2025-12-25T23:19:33.595201,ETHUSDT,2923.79,74.93,2923.80,2.27
2025-12-25T23:19:33.644808,ETHUSDT,2923.79,74.93,2923.80,0.41
2025-12-25T23:19:33.717706,ETHUSDT,2923.79,74.93,2923.80,0.95
2025-12-25T23:19:33.785938,ETHUSDT,2923.79,74.93,2923.80,0.02
2025-12-25T23:19:33.794928,ETHUSDT,2923.80,88.29,2923.81,34.33
2025-12-25T23:19:33.804881,ETHUSDT,2923.80,96.41,2923.81,34.33
2025-12-25T23:19:33.814931,ETHUSDT,2923.80,88.41,2923.81,34.33
2025-12-25T23:19:33.855707,ETHUSDT,2923.80,92.90,2923.81,34.33
2025-12-25T23:19:33.875334,ETHUSDT,2923.80,92.83,2923.81,34.33
2025-12-25T23:19:33.884965,ETHUSDT,2923.80,92.76,2923.81,34.33
2025-12-25T23:19:33.916642,ETHUSDT,2923.80,96.17,2923.81,34.33
2025-12-25T23:19:33.938590,ETHUSDT,2923.80,96.17,2923.81,36.07
2025-12-25T23:19:33.985257,ETHUSDT,2923.80,96.03,2923.81,36.07
2025-12-25T23:19:34.085756,ETHUSDT,2923.80,96.22,2923.81,36.07
2025-12-25T23:19:34.415849,ETHUSDT,2923.80,96.25,2923.81,36.07
2025-12-25T23:19:34.475333,ETHUSDT,2923.80,97.88,2923.81,36.07
2025-12-25T23:19:34.826569,ETHUSDT,2923.80,97.88,2923.81,35.98
2025-12-25T23:19:34.945765,ETHUSDT,2923.80,98.05,2923.81,35.98
2025-12-25T23:19:35.271752,ETHUSDT,2923.80,98.05,2923.81,35.96
2025-12-25T23:19:35.415980,ETHUSDT,2923.80,98.08,2923.81,35.96
2025-12-25T23:19:35.896143,ETHUSDT,2923.80,98.08,2923.81,35.94
2025-12-25T23:19:35.961792,ETHUSDT,2923.80,98.25,2923.81,35.94
2025-12-25T23:19:36.168100,ETHUSDT,2923.80,103.38,2923.81,35.94
2025-12-25T23:19:36.267629,ETHUSDT,2923.80,93.38,2923.81,35.94
2025-12-25T23:19:36.417382,ETHUSDT,2923.80,93.41,2923.81,35.94
2025-12-25T23:19:36.811364,ETHUSDT,2923.80,93.41,2923.81,40.79
2025-12-25T23:19:36.812596,ETHUSDT,2923.80,93.41,2923.81,40.80
2025-12-25T23:19:36.813381,ETHUSDT,2923.80,93.41,2923.81,35.95
2025-12-25T23:19:36.945353,ETHUSDT,2923.80,93.58,2923.81,35.95
2025-12-25T23:19:36.958945,ETHUSDT,2923.80,93.58,2923.81,35.91
2025-12-25T23:19:36.985232,ETHUSDT,2923.80,91.10,2923.81,35.91
2025-12-25T23:19:37.045123,ETHUSDT,2923.80,91.10,2923.81,36.79
2025-12-25T23:19:37.245039,ETHUSDT,2923.80,92.68,2923.81,36.79
2025-12-25T23:19:37.335273,ETHUSDT,2923.80,11.41,2923.81,49.05
2025-12-25T23:19:37.344447,ETHUSDT,2923.80,11.29,2923.81,49.91
2025-12-25T23:19:37.384958,ETHUSDT,2923.80,11.29,2923.81,48.99
2025-12-25T23:19:37.420358,ETHUSDT,2923.80,11.20,2923.81,48.99
2025-12-25T23:19:37.444759,ETHUSDT,2923.80,8.96,2923.81,48.99
2025-12-25T23:19:37.485242,ETHUSDT,2923.80,21.70,2923.81,48.99
2025-12-25T23:19:37.495106,ETHUSDT,2923.80,15.16,2923.81,46.53
2025-12-25T23:19:37.525232,ETHUSDT,2923.80,11.75,2923.81,46.53
2025-12-25T23:19:38.139721,ETHUSDT,2923.80,16.60,2923.81,46.53
2025-12-25T23:19:38.140358,ETHUSDT,2923.80,11.75,2923.81,46.53
2025-12-25T23:19:38.140959,ETHUSDT,2923.80,27.98,2923.81,46.53
2025-12-25T23:19:38.347286,ETHUSDT,2923.80,27.98,2923.81,45.73
2025-12-25T23:19:38.655693,ETHUSDT,2923.80,27.98,2923.81,44.49
2025-12-25T23:19:38.745690,ETHUSDT,2923.80,27.97,2923.81,44.49
2025-12-25T23:19:39.574843,ETHUSDT,2923.80,11.74,2923.81,44.49
2025-12-25T23:19:39.575516,ETHUSDT,2923.80,2.76,2923.81,44.49
2025-12-25T23:19:39.614800,ETHUSDT,2923.80,1.61,2923.81,44.49
2025-12-25T23:19:39.657296,ETHUSDT,2923.69,0.01,2923.70,23.32
2025-12-25T23:19:39.664463,ETHUSDT,2923.68,0.35,2923.69,81.55
2025-12-25T23:19:39.678213,ETHUSDT,2923.68,0.35,2923.69,82.43
2025-12-25T23:19:39.684555,ETHUSDT,2923.68,0.35,2923.69,82.45
2025-12-25T23:19:39.758255,ETHUSDT,2923.68,2.61,2923.69,82.45
2025-12-25T23:19:39.778042,ETHUSDT,2923.68,2.61,2923.69,81.63
2025-12-25T23:19:39.789769,ETHUSDT,2923.68,8.86,2923.69,81.63
2025-12-25T23:19:39.804604,ETHUSDT,2923.68,13.10,2923.69,83.37
2025-12-25T23:19:39.825307,ETHUSDT,2923.68,13.10,2923.69,83.35
2025-12-25T23:19:39.945395,ETHUSDT,2923.68,6.61,2923.69,83.35
2025-12-25T23:19:40.135959,ETHUSDT,2923.68,6.68,2923.69,83.35
2025-12-25T23:19:40.295426,ETHUSDT,2923.68,0.43,2923.69,83.35
2025-12-25T23:19:40.325486,ETHUSDT,2923.68,0.43,2923.69,84.21
2025-12-25T23:19:40.335033,ETHUSDT,2923.68,0.43,2923.69,84.60
2025-12-25T23:19:40.424883,ETHUSDT,2923.65,0.14,2923.66,151.20
2025-12-25T23:19:40.435164,ETHUSDT,2923.65,0.13,2923.66,154.36
2025-12-25T23:19:40.445411,ETHUSDT,2923.65,0.13,2923.66,154.38
2025-12-25T23:19:40.484795,ETHUSDT,2923.65,2.39,2923.66,154.38
2025-12-25T23:19:40.515102,ETHUSDT,2923.65,2.39,2923.66,156.12
2025-12-25T23:19:40.697967,ETHUSDT,2923.65,2.39,2923.66,153.22
2025-12-25T23:19:40.765834,ETHUSDT,2923.65,2.39,2923.66,153.61
2025-12-25T23:19:40.975166,ETHUSDT,2923.65,2.38,2923.66,153.61
2025-12-25T23:19:41.045569,ETHUSDT,2923.65,2.38,2923.66,113.61
2025-12-25T23:19:41.054794,ETHUSDT,2923.65,23.12,2923.66,112.11
2025-12-25T23:19:41.106943,ETHUSDT,2923.65,33.45,2923.66,100.81
2025-12-25T23:19:41.114705,ETHUSDT,2923.65,34.95,2923.66,51.44
2025-12-25T23:19:41.125218,ETHUSDT,2923.65,35.92,2923.66,29.83
2025-12-25T23:19:41.134740,ETHUSDT,2923.65,35.92,2923.66,11.05
2025-12-25T23:19:41.145157,ETHUSDT,2923.65,35.92,2923.66,10.66
2025-12-25T23:19:41.165346,ETHUSDT,2923.65,35.92,2923.66,22.00
2025-12-25T23:19:41.174942,ETHUSDT,2923.65,35.92,2923.66,32.33
2025-12-25T23:19:41.224861,ETHUSDT,2923.65,35.94,2923.66,32.33
2025-12-25T23:19:41.336091,ETHUSDT,2923.65,35.97,2923.66,32.33
2025-12-25T23:19:41.557491,ETHUSDT,2923.65,35.97,2923.66,32.32
2025-12-25T23:19:41.865797,ETHUSDT,2923.65,35.97,2923.66,21.99
2025-12-25T23:19:41.955970,ETHUSDT,2923.65,36.14,2923.66,21.99
2025-12-25T23:19:41.985623,ETHUSDT,2923.65,36.14,2923.66,32.32
2025-12-25T23:19:42.255994,ETHUSDT,2923.65,36.14,2923.66,20.14
2025-12-25T23:19:42.556909,ETHUSDT,2923.65,36.14,2923.66,12.99
2025-12-25T23:19:42.584780,ETHUSDT,2923.65,36.14,2923.66,6.80
2025-12-25T23:19:42.625009,ETHUSDT,2923.65,38.97,2923.66,2.66
2025-12-25T23:19:42.634932,ETHUSDT,2923.72,184.04,2923.81,32.90
2025-12-25T23:19:42.644623,ETHUSDT,2923.80,164.20,2923.81,31.41
2025-12-25T23:19:42.654873,ETHUSDT,2923.80,159.17,2923.81,27.51
2025-12-25T23:19:42.664237,ETHUSDT,2923.80,160.42,2923.81,0.02
2025-12-25T23:19:42.674838,ETHUSDT,2923.89,34.35,2923.90,0.02
2025-12-25T23:19:42.684600,ETHUSDT,2923.93,25.38,2923.94,0.34
2025-12-25T23:19:42.696772,ETHUSDT,2923.93,71.57,2923.94,2.08
2025-12-25T23:19:42.704552,ETHUSDT,2923.93,71.69,2923.94,0.27
2025-12-25T23:19:42.714747,ETHUSDT,2923.93,77.29,2923.94,0.27
2025-12-25T23:19:42.745307,ETHUSDT,2923.93,77.34,2923.94,0.27
2025-12-25T23:19:42.764702,ETHUSDT,2923.93,71.75,2923.94,0.27
2025-12-25T23:19:42.785192,ETHUSDT,2923.93,71.75,2923.94,1.30
2025-12-25T23:19:42.794692,ETHUSDT,2923.93,71.70,2923.94,7.80
2025-12-25T23:19:42.804593,ETHUSDT,2923.93,73.12,2923.94,7.80
2025-12-25T23:19:42.815380,ETHUSDT,2923.93,71.74,2923.94,12.65
2025-12-25T23:19:42.834829,ETHUSDT,2923.93,68.25,2923.94,7.80
2025-12-25T23:19:42.858138,ETHUSDT,2923.93,66.00,2923.94,6.77
2025-12-25T23:19:42.935581,ETHUSDT,2923.93,66.00,2923.94,8.50
2025-12-25T23:19:42.964935,ETHUSDT,2923.93,66.00,2923.94,10.66
2025-12-25T23:19:43.035464,ETHUSDT,2923.93,66.00,2923.94,1.49
2025-12-25T23:19:43.105343,ETHUSDT,2923.93,66.00,2923.94,2.01
2025-12-25T23:19:43.175531,ETHUSDT,2923.93,66.00,2923.94,0.28
2025-12-25T23:19:43.245016,ETHUSDT,2923.93,66.00,2923.94,1.28
2025-12-25T23:19:43.324636,ETHUSDT,2923.93,66.00,2923.94,0.28
2025-12-25T23:19:43.395380,ETHUSDT,2923.93,66.00,2923.94,0.91
2025-12-25T23:19:43.416381,ETHUSDT,2923.93,66.09,2923.94,0.91
2025-12-25T23:19:43.464844,ETHUSDT,2923.93,66.09,2923.94,0.28
2025-12-25T23:19:43.534903,ETHUSDT,2923.93,66.09,2923.94,0.73
2025-12-25T23:19:43.604305,ETHUSDT,2923.93,66.09,2923.94,0.65
2025-12-25T23:19:43.614742,ETHUSDT,2923.93,66.09,2923.94,0.20
2025-12-25T23:19:43.684837,ETHUSDT,2923.93,66.09,2923.94,0.56
2025-12-25T23:19:43.756084,ETHUSDT,2923.93,66.09,2923.94,0.20
2025-12-25T23:19:43.782859,ETHUSDT,2923.93,66.09,2923.94,46.57
2025-12-25T23:19:43.784148,ETHUSDT,2923.93,65.34,2923.94,46.57
2025-12-25T23:19:43.825119,ETHUSDT,2923.93,65.34,2923.94,46.84
2025-12-25T23:19:43.905863,ETHUSDT,2923.93,65.34,2923.94,48.30
2025-12-25T23:19:43.925036,ETHUSDT,2923.93,62.14,2923.94,48.30
2025-12-25T23:19:43.966082,ETHUSDT,2923.93,54.64,2923.94,48.30
2025-12-25T23:19:44.426501,ETHUSDT,2923.93,54.67,2923.94,48.30
2025-12-25T23:19:44.875187,ETHUSDT,2923.93,54.67,2923.94,48.24
2025-12-25T23:19:45.125691,ETHUSDT,2923.93,54.67,2923.94,43.39
2025-12-25T23:19:45.414273,ETHUSDT,2923.93,54.70,2923.94,43.39
2025-12-25T23:19:45.615667,ETHUSDT,2923.93,54.70,2923.94,43.42
2025-12-25T23:19:45.625234,ETHUSDT,2923.93,55.70,2923.94,43.42
2025-12-25T23:19:45.657077,ETHUSDT,2923.93,55.70,2923.94,43.41
2025-12-25T23:19:45.766057,ETHUSDT,2923.93,55.70,2923.94,48.26
2025-12-25T23:19:45.946911,ETHUSDT,2923.93,55.87,2923.94,48.26
2025-12-25T23:19:46.245281,ETHUSDT,2923.93,55.87,2923.94,48.27
2025-12-25T23:19:46.275118,ETHUSDT,2923.93,55.87,2923.94,48.30
2025-12-25T23:19:46.415956,ETHUSDT,2923.93,55.90,2923.94,48.30
2025-12-25T23:19:46.556454,ETHUSDT,2923.93,55.90,2923.94,48.29
2025-12-25T23:19:46.758630,ETHUSDT,2923.93,55.90,2923.94,48.32
2025-12-25T23:19:46.996212,ETHUSDT,2923.93,55.90,2923.94,43.47
2025-12-25T23:19:47.235426,ETHUSDT,2923.93,59.32,2923.94,43.35
2025-12-25T23:19:47.250354,ETHUSDT,2923.93,62.32,2923.94,42.93
2025-12-25T23:19:47.304886,ETHUSDT,2923.93,59.32,2923.94,42.93
2025-12-25T23:19:47.344965,ETHUSDT,2923.93,59.32,2923.94,42.96
2025-12-25T23:19:47.356282,ETHUSDT,2923.93,58.30,2923.94,42.96
2025-12-25T23:19:47.415057,ETHUSDT,2923.93,58.33,2923.94,42.96
2025-12-25T23:19:48.416551,ETHUSDT,2923.93,58.36,2923.94,42.96
2025-12-25T23:19:49.116450,ETHUSDT,2923.93,54.94,2923.94,42.96
2025-12-25T23:19:49.374873,ETHUSDT,2923.93,54.94,2923.94,41.96
2025-12-25T23:19:49.416328,ETHUSDT,2923.93,54.97,2923.94,41.96
2025-12-25T23:19:49.857255,ETHUSDT,2923.93,54.97,2923.94,41.95
2025-12-25T23:19:49.946033,ETHUSDT,2923.93,55.14,2923.94,41.95
2025-12-25T23:19:50.415715,ETHUSDT,2923.93,55.17,2923.94,41.95
2025-12-25T23:19:50.575965,ETHUSDT,2923.93,54.83,2923.94,41.95
2025-12-25T23:19:51.055277,ETHUSDT,2923.93,57.43,2923.94,41.95
2025-12-25T23:19:51.055738,ETHUSDT,2923.93,57.42,2923.94,41.95
2025-12-25T23:19:51.056068,ETHUSDT,2923.93,57.43,2923.94,41.95
2025-12-25T23:19:51.085693,ETHUSDT,2923.93,57.42,2923.94,41.95
2025-12-25T23:19:51.334906,ETHUSDT,2923.93,57.42,2923.94,41.36
2025-12-25T23:19:51.415583,ETHUSDT,2923.93,57.45,2923.94,41.36
2025-12-25T23:19:51.597181,ETHUSDT,2923.93,57.45,2923.94,41.31
2025-12-25T23:19:52.066509,ETHUSDT,2923.93,57.45,2923.94,1.84
2025-12-25T23:19:52.067156,ETHUSDT,2923.93,54.85,2923.94,1.21
2025-12-25T23:19:52.067574,ETHUSDT,2923.93,54.85,2923.94,0.86
2025-12-25T23:19:52.068129,ETHUSDT,2923.99,54.08,2924.00,0.22
2025-12-25T23:19:52.075059,ETHUSDT,2924.00,134.74,2924.01,39.44
2025-12-25T23:19:52.085222,ETHUSDT,2924.00,135.80,2924.01,39.44
2025-12-25T23:19:52.095097,ETHUSDT,2924.00,127.80,2924.01,39.44
2025-12-25T23:19:52.159782,ETHUSDT,2924.00,131.23,2924.01,39.44
2025-12-25T23:19:52.166235,ETHUSDT,2924.00,130.59,2924.01,39.44
2025-12-25T23:19:52.215658,ETHUSDT,2924.00,130.59,2924.01,41.15
2025-12-25T23:19:52.476134,ETHUSDT,2924.00,130.62,2924.01,41.15
2025-12-25T23:19:52.477034,ETHUSDT,2924.00,129.23,2924.01,41.15
2025-12-25T23:19:52.576669,ETHUSDT,2924.00,109.20,2924.01,41.15
2025-12-25T23:19:52.605185,ETHUSDT,2924.00,109.20,2924.01,46.01
2025-12-25T23:19:52.614648,ETHUSDT,2924.00,109.20,2924.01,41.16
2025-12-25T23:19:52.656878,ETHUSDT,2924.00,105.31,2924.01,41.16
2025-12-25T23:19:52.855276,ETHUSDT,2924.00,105.32,2924.01,41.16
2025-12-25T23:19:52.955730,ETHUSDT,2924.00,105.49,2924.01,41.16
2025-12-25T23:19:53.239162,ETHUSDT,2924.00,105.48,2924.01,41.16
2025-12-25T23:19:53.324735,ETHUSDT,2924.00,102.27,2924.01,41.16
2025-12-25T23:19:53.334734,ETHUSDT,2924.00,102.27,2924.01,46.01
2025-12-25T23:19:53.344839,ETHUSDT,2924.00,102.27,2924.01,41.16
2025-12-25T23:19:53.384705,ETHUSDT,2924.00,102.27,2924.01,46.01
2025-12-25T23:19:53.395127,ETHUSDT,2924.00,93.16,2924.01,46.01
2025-12-25T23:19:53.415350,ETHUSDT,2924.00,91.84,2924.01,46.01
2025-12-25T23:19:53.470722,ETHUSDT,2924.00,91.01,2924.01,46.01
2025-12-25T23:19:53.826108,ETHUSDT,2924.00,94.43,2924.01,46.01
2025-12-25T23:19:53.966401,ETHUSDT,2924.00,99.56,2924.01,46.01
2025-12-25T23:19:54.235435,ETHUSDT,2924.00,99.56,2924.01,45.95
2025-12-25T23:19:54.419419,ETHUSDT,2924.00,99.59,2924.01,45.95
2025-12-25T23:19:54.475370,ETHUSDT,2924.00,94.46,2924.01,45.95
2025-12-25T23:19:54.986201,ETHUSDT,2924.00,99.59,2924.01,45.95
2025-12-25T23:19:55.451349,ETHUSDT,2924.00,91.04,2924.01,45.95
2025-12-25T23:19:55.452293,ETHUSDT,2924.00,91.07,2924.01,45.95
2025-12-25T23:19:55.506775,ETHUSDT,2924.00,91.07,2924.01,45.49
2025-12-25T23:19:55.885398,ETHUSDT,2924.00,91.07,2924.01,40.64
2025-12-25T23:19:55.894901,ETHUSDT,2924.00,96.20,2924.01,40.64
2025-12-25T23:19:56.025715,ETHUSDT,2924.00,99.62,2924.01,40.64
2025-12-25T23:19:56.045237,ETHUSDT,2924.00,91.07,2924.01,40.64
2025-12-25T23:19:56.115891,ETHUSDT,2924.00,91.07,2924.01,45.49
2025-12-25T23:19:56.195963,ETHUSDT,2924.00,99.64,2924.01,45.49
2025-12-25T23:19:56.305998,ETHUSDT,2924.00,94.49,2924.01,45.49
2025-12-25T23:19:56.314847,ETHUSDT,2924.00,99.65,2924.01,45.49
2025-12-25T23:19:56.346204,ETHUSDT,2924.00,94.49,2924.01,45.49
2025-12-25T23:19:56.356043,ETHUSDT,2924.00,97.39,2924.01,45.49
2025-12-25T23:19:56.375553,ETHUSDT,2924.00,103.20,2924.01,40.34
2025-12-25T23:19:56.384771,ETHUSDT,2924.00,103.20,2924.01,34.80
2025-12-25T23:19:56.415183,ETHUSDT,2924.00,103.23,2924.01,34.80
2025-12-25T23:19:56.612297,ETHUSDT,2924.00,103.57,2924.01,34.03
2025-12-25T23:19:56.615370,ETHUSDT,2924.00,103.57,2924.01,32.17
2025-12-25T23:19:56.635419,ETHUSDT,2924.00,105.61,2924.01,32.17
2025-12-25T23:19:56.644881,ETHUSDT,2924.09,1.68,2924.10,0.02
2025-12-25T23:19:56.660605,ETHUSDT,2924.12,222.05,2924.13,24.14
2025-12-25T23:19:56.664650,ETHUSDT,2924.12,215.33,2924.13,23.15
2025-12-25T23:19:56.675426,ETHUSDT,2924.15,8.96,2924.16,0.10
2025-12-25T23:19:56.685072,ETHUSDT,2924.20,131.61,2924.21,32.85
2025-12-25T23:19:56.695242,ETHUSDT,2924.20,150.90,2924.21,32.86
2025-12-25T23:19:56.704881,ETHUSDT,2924.20,150.91,2924.21,29.82
2025-12-25T23:19:56.715275,ETHUSDT,2924.20,156.03,2924.21,29.82
2025-12-25T23:19:56.725624,ETHUSDT,2924.20,148.40,2924.21,29.82
2025-12-25T23:19:56.755286,ETHUSDT,2924.20,151.82,2924.21,29.82
2025-12-25T23:19:56.765046,ETHUSDT,2924.20,154.72,2924.21,2.38
2025-12-25T23:19:56.775480,ETHUSDT,2924.36,9.55,2924.43,0.01
2025-12-25T23:19:56.784888,ETHUSDT,2924.57,2.87,2924.70,0.97
2025-12-25T23:19:56.795497,ETHUSDT,2924.69,47.77,2924.70,37.59
2025-12-25T23:19:56.805277,ETHUSDT,2924.69,49.10,2924.70,36.31
2025-12-25T23:19:56.815131,ETHUSDT,2924.69,46.21,2924.70,43.16
2025-12-25T23:19:56.824785,ETHUSDT,2924.69,46.21,2924.70,43.32
2025-12-25T23:19:56.845354,ETHUSDT,2924.69,45.41,2924.70,43.32
2025-12-25T23:19:56.925472,ETHUSDT,2924.69,28.32,2924.70,44.80
2025-12-25T23:19:56.935024,ETHUSDT,2924.69,12.99,2924.70,44.80
2025-12-25T23:19:56.956976,ETHUSDT,2924.69,12.99,2924.70,46.49
2025-12-25T23:19:57.086214,ETHUSDT,2924.69,17.84,2924.70,46.49
2025-12-25T23:19:57.365355,ETHUSDT,2924.69,18.15,2924.70,46.49
2025-12-25T23:19:57.699279,ETHUSDT,2924.69,18.15,2924.70,48.31
2025-12-25T23:19:57.835590,ETHUSDT,2924.69,17.81,2924.70,48.31
2025-12-25T23:19:57.935115,ETHUSDT,2924.69,0.50,2924.70,48.31
2025-12-25T23:19:58.116431,ETHUSDT,2924.69,9.15,2924.70,48.31
2025-12-25T23:19:58.125050,ETHUSDT,2924.69,11.84,2924.70,48.31
2025-12-25T23:19:58.235362,ETHUSDT,2924.69,18.09,2924.70,48.31
2025-12-25T23:19:58.289663,ETHUSDT,2924.69,18.09,2924.70,48.35
2025-12-25T23:19:59.147318,ETHUSDT,2924.69,18.09,2924.70,41.50
2025-12-25T23:19:59.147845,ETHUSDT,2924.69,18.09,2924.70,46.02
2025-12-25T23:19:59.540220,ETHUSDT,2924.69,27.23,2924.70,44.02
2025-12-25T23:19:59.795594,ETHUSDT,2924.69,27.26,2924.70,44.02
2025-12-25T23:19:59.805193,ETHUSDT,2924.69,27.26,2924.70,43.92
2025-12-25T23:19:59.835179,ETHUSDT,2924.69,44.29,2924.70,39.80
2025-12-25T23:19:59.846469,ETHUSDT,2924.69,45.17,2924.70,39.80
2025-12-25T23:19:59.935950,ETHUSDT,2924.69,45.17,2924.70,40.14
2025-12-25T23:19:59.995791,ETHUSDT,2924.69,45.17,2924.70,39.98
2025-12-25T23:20:00.165533,ETHUSDT,2924.69,45.17,2924.70,34.08
2025-12-25T23:20:00.185267,ETHUSDT,2924.69,45.17,2924.70,34.59
2025-12-25T23:20:00.247885,ETHUSDT,2924.69,48.07,2924.70,34.59
2025-12-25T23:20:00.256689,ETHUSDT,2924.69,48.07,2924.70,32.86
2025-12-25T23:20:00.395395,ETHUSDT,2924.69,41.58,2924.70,32.86
2025-12-25T23:20:00.404293,ETHUSDT,2924.69,38.68,2924.70,32.86
2025-12-25T23:20:00.735489,ETHUSDT,2924.69,38.68,2924.70,33.09
2025-12-25T23:20:01.077725,ETHUSDT,2924.69,38.73,2924.70,33.09
2025-12-25T23:20:01.186223,ETHUSDT,2924.69,32.03,2924.70,33.09
2025-12-25T23:20:01.194798,ETHUSDT,2924.69,32.03,2924.70,38.99
2025-12-25T23:20:01.204263,ETHUSDT,2924.69,21.70,2924.70,40.15
2025-12-25T23:20:01.214221,ETHUSDT,2924.69,7.71,2924.70,47.84
2025-12-25T23:20:01.285001,ETHUSDT,2924.69,19.05,2924.70,47.84
2025-12-25T23:20:01.435829,ETHUSDT,2924.69,18.58,2924.70,47.84
2025-12-25T23:20:01.635824,ETHUSDT,2924.69,18.70,2924.70,47.84
2025-12-25T23:20:01.695581,ETHUSDT,2924.69,13.85,2924.70,47.84
2025-12-25T23:20:01.705024,ETHUSDT,2924.69,1.11,2924.70,47.84
2025-12-25T23:20:01.714945,ETHUSDT,2924.69,0.23,2924.70,49.08
2025-12-25T23:20:01.724933,ETHUSDT,2924.69,0.23,2924.70,50.71
2025-12-25T23:20:01.744917,ETHUSDT,2924.69,0.23,2924.70,50.87
2025-12-25T23:20:01.785431,ETHUSDT,2924.69,0.23,2924.70,51.72
2025-12-25T23:20:01.835530,ETHUSDT,2924.69,0.23,2924.70,52.37
2025-12-25T23:20:01.885592,ETHUSDT,2924.69,0.23,2924.70,52.03
2025-12-25T23:20:01.985653,ETHUSDT,2924.69,0.23,2924.70,52.37
2025-12-25T23:20:01.997021,ETHUSDT,2924.69,0.23,2924.70,51.49
2025-12-25T23:20:02.004664,ETHUSDT,2924.69,0.23,2924.70,52.04
2025-12-25T23:20:02.136309,ETHUSDT,2924.69,0.25,2924.70,52.04
2025-12-25T23:20:02.276524,ETHUSDT,2924.69,0.25,2924.70,51.19
2025-12-25T23:20:02.396371,ETHUSDT,2924.69,0.25,2924.70,49.37
2025-12-25T23:20:02.406574,ETHUSDT,2924.69,0.25,2924.70,51.21
2025-12-25T23:20:02.886127,ETHUSDT,2924.69,0.27,2924.70,51.21
2025-12-25T23:20:03.376337,ETHUSDT,2924.69,0.27,2924.70,50.51
2025-12-25T23:20:03.925790,ETHUSDT,2924.69,0.27,2924.70,50.31
2025-12-25T23:20:04.664838,ETHUSDT,2924.56,0.02,2924.57,5.19
2025-12-25T23:20:04.665541,ETHUSDT,2924.40,0.01,2924.41,1.08
2025-12-25T23:20:04.665963,ETHUSDT,2924.32,0.02,2924.33,0.64
2025-12-25T23:20:04.666558,ETHUSDT,2924.32,19.36,2924.33,91.46
2025-12-25T23:20:04.685389,ETHUSDT,2924.32,12.78,2924.33,91.46
2025-12-25T23:20:04.695047,ETHUSDT,2924.32,16.32,2924.33,76.56
2025-12-25T23:20:04.705049,ETHUSDT,2924.32,21.17,2924.33,76.56
2025-12-25T23:20:04.724931,ETHUSDT,2924.32,21.17,2924.33,78.41
2025-12-25T23:20:04.736161,ETHUSDT,2924.32,24.58,2924.33,78.41
2025-12-25T23:20:04.744758,ETHUSDT,2924.32,19.73,2924.33,78.41
2025-12-25T23:20:04.785358,ETHUSDT,2924.32,19.73,2924.33,80.10
2025-12-25T23:20:04.816039,ETHUSDT,2924.32,16.31,2924.33,80.10
2025-12-25T23:20:04.824871,ETHUSDT,2924.32,16.43,2924.33,80.10
2025-12-25T23:20:04.986038,ETHUSDT,2924.32,16.43,2924.33,72.98
2025-12-25T23:20:05.099498,ETHUSDT,2924.32,35.90,2924.33,63.84
2025-12-25T23:20:05.106347,ETHUSDT,2924.32,45.49,2924.33,48.66
2025-12-25T23:20:05.115662,ETHUSDT,2924.32,45.49,2924.33,43.13
2025-12-25T23:20:05.325575,ETHUSDT,2924.32,45.49,2924.33,40.97
2025-12-25T23:20:05.335466,ETHUSDT,2924.32,45.49,2924.33,40.10
2025-12-25T23:20:05.354920,ETHUSDT,2924.32,2.98,2924.33,49.46
2025-12-25T23:20:05.365653,ETHUSDT,2924.20,0.02,2924.21,45.21
2025-12-25T23:20:05.376199,ETHUSDT,2924.20,0.04,2924.21,85.38
2025-12-25T23:20:05.384787,ETHUSDT,2924.20,0.04,2924.21,83.35
2025-12-25T23:20:05.395753,ETHUSDT,2924.20,0.04,2924.21,84.16
2025-12-25T23:20:05.404524,ETHUSDT,2924.20,0.04,2924.21,83.66
2025-12-25T23:20:05.419221,ETHUSDT,2924.20,0.04,2924.21,82.93
2025-12-25T23:20:05.461144,ETHUSDT,2924.20,0.04,2924.21,84.55
2025-12-25T23:20:05.478528,ETHUSDT,2924.20,0.04,2924.21,86.41
2025-12-25T23:20:05.484868,ETHUSDT,2924.20,0.04,2924.21,86.48
2025-12-25T23:20:05.494566,ETHUSDT,2924.20,0.04,2924.21,86.41
2025-12-25T23:20:05.535589,ETHUSDT,2924.20,0.08,2924.21,86.41
2025-12-25T23:20:05.664952,ETHUSDT,2924.20,0.08,2924.21,85.84
2025-12-25T23:20:05.675310,ETHUSDT,2924.20,0.12,2924.21,85.84
2025-12-25T23:20:05.685521,ETHUSDT,2924.20,6.37,2924.21,76.26
2025-12-25T23:20:05.705322,ETHUSDT,2924.20,6.37,2924.21,71.41
2025-12-25T23:20:05.745145,ETHUSDT,2924.20,11.22,2924.21,71.41
2025-12-25T23:20:05.798057,ETHUSDT,2924.20,21.55,2924.21,71.41
2025-12-25T23:20:05.804870,ETHUSDT,2924.20,21.55,2924.21,61.86
2025-12-25T23:20:05.825608,ETHUSDT,2924.20,39.62,2924.21,61.86
2025-12-25T23:20:05.834799,ETHUSDT,2924.20,40.42,2924.21,11.68
2025-12-25T23:20:05.854530,ETHUSDT,2924.20,40.42,2924.21,11.29
2025-12-25T23:20:05.936144,ETHUSDT,2924.20,40.38,2924.21,11.29
2025-12-25T23:20:05.944909,ETHUSDT,2924.20,40.55,2924.21,11.29
2025-12-25T23:20:06.056675,ETHUSDT,2924.20,40.55,2924.21,11.27
2025-12-25T23:20:06.095553,ETHUSDT,2924.20,40.51,2924.21,11.27
2025-12-25T23:20:06.135954,ETHUSDT,2924.20,40.58,2924.21,11.27
2025-12-25T23:20:06.225367,ETHUSDT,2924.20,40.58,2924.21,10.33
2025-12-25T23:20:06.235276,ETHUSDT,2924.20,40.58,2924.21,8.33
2025-12-25T23:20:06.244709,ETHUSDT,2924.24,49.72,2924.25,0.01
2025-12-25T23:20:06.254892,ETHUSDT,2924.27,20.28,2924.28,0.34
2025-12-25T23:20:06.265222,ETHUSDT,2924.27,97.24,2924.28,6.85
2025-12-25T23:20:06.307113,ETHUSDT,2924.27,91.65,2924.28,6.85
2025-12-25T23:20:06.345768,ETHUSDT,2924.27,91.65,2924.28,17.18
2025-12-25T23:20:06.357862,ETHUSDT,2924.27,89.49,2924.28,17.18
2025-12-25T23:20:06.387007,ETHUSDT,2924.27,83.82,2924.28,32.01
2025-12-25T23:20:06.401598,ETHUSDT,2924.27,73.49,2924.28,33.69
2025-12-25T23:20:06.415008,ETHUSDT,2924.27,21.31,2924.28,40.80
2025-12-25T23:20:06.424555,ETHUSDT,2924.27,20.11,2924.28,40.80
2025-12-25T23:20:06.515938,ETHUSDT,2924.27,18.77,2924.28,40.80
2025-12-25T23:20:06.765576,ETHUSDT,2924.27,9.63,2924.28,40.80
2025-12-25T23:20:06.777205,ETHUSDT,2924.27,9.63,2924.28,41.94
2025-12-25T23:20:06.795672,ETHUSDT,2924.27,3.38,2924.28,41.94
2025-12-25T23:20:06.804629,ETHUSDT,2924.27,0.97,2924.28,41.94
2025-12-25T23:20:06.815107,ETHUSDT,2924.24,0.01,2924.25,18.58
2025-12-25T23:20:06.824610,ETHUSDT,2924.12,0.02,2924.13,23.56
2025-12-25T23:20:06.834987,ETHUSDT,2924.10,0.37,2924.11,149.16
2025-12-25T23:20:06.844629,ETHUSDT,2924.10,0.37,2924.11,148.69
2025-12-25T23:20:06.877340,ETHUSDT,2924.01,0.34,2924.05,1.08
2025-12-25T23:20:06.888035,ETHUSDT,2924.01,0.35,2924.02,70.89
2025-12-25T23:20:06.984752,ETHUSDT,2924.01,0.35,2924.02,72.57
2025-12-25T23:20:07.006000,ETHUSDT,2924.01,10.25,2924.02,72.57
2025-12-25T23:20:07.014928,ETHUSDT,2924.01,15.10,2924.02,72.57
2025-12-25T23:20:07.024557,ETHUSDT,2924.01,15.22,2924.02,72.57
2025-12-25T23:20:07.055885,ETHUSDT,2924.01,15.22,2924.02,70.41
2025-12-25T23:20:07.084854,ETHUSDT,2924.01,15.22,2924.02,63.46
2025-12-25T23:20:07.117497,ETHUSDT,2924.01,49.87,2924.02,19.34
2025-12-25T23:20:07.125002,ETHUSDT,2924.01,50.75,2924.02,19.34
2025-12-25T23:20:07.134997,ETHUSDT,2924.01,50.83,2924.02,19.34
2025-12-25T23:20:07.225061,ETHUSDT,2924.01,50.83,2924.02,13.09
2025-12-25T23:20:07.234681,ETHUSDT,2924.01,50.83,2924.02,18.99
2025-12-25T23:20:07.405687,ETHUSDT,2923.54,5.84,2923.66,19.99
2025-12-25T23:20:07.415479,ETHUSDT,2923.46,11.79,2923.47,15.18
2025-12-25T23:20:07.424696,ETHUSDT,2923.46,73.38,2923.47,24.40
2025-12-25T23:20:07.435193,ETHUSDT,2923.46,79.64,2923.47,17.62
2025-12-25T23:20:07.444691,ETHUSDT,2923.46,79.64,2923.47,17.29
2025-12-25T23:20:07.463617,ETHUSDT,2923.46,79.64,2923.47,10.13
2025-12-25T23:20:07.484901,ETHUSDT,2923.46,79.94,2923.47,2.11
2025-12-25T23:20:07.495160,ETHUSDT,2923.46,85.06,2923.47,3.79
2025-12-25T23:20:07.514982,ETHUSDT,2923.46,77.83,2923.47,8.64
2025-12-25T23:20:07.526837,ETHUSDT,2923.46,77.83,2923.47,9.48
2025-12-25T23:20:07.535182,ETHUSDT,2923.46,47.70,2923.47,37.79
2025-12-25T23:20:07.544912,ETHUSDT,2923.46,52.55,2923.47,43.69
2025-12-25T23:20:07.554670,ETHUSDT,2923.46,52.55,2923.47,44.57
2025-12-25T23:20:07.574849,ETHUSDT,2923.46,52.55,2923.47,43.94
2025-12-25T23:20:07.584803,ETHUSDT,2923.46,47.70,2923.47,43.94
2025-12-25T23:20:07.594940,ETHUSDT,2923.46,38.47,2923.47,43.94
2025-12-25T23:20:07.615597,ETHUSDT,2923.46,43.32,2923.47,43.94
2025-12-25T23:20:07.645087,ETHUSDT,2923.46,41.61,2923.47,44.57
2025-12-25T23:20:07.675729,ETHUSDT,2923.46,39.90,2923.47,44.57
2025-12-25T23:20:07.725530,ETHUSDT,2923.46,39.90,2923.47,36.27
2025-12-25T23:20:07.761654,ETHUSDT,2923.46,39.90,2923.47,35.43
2025-12-25T23:20:07.816704,ETHUSDT,2923.46,39.90,2923.47,39.12
2025-12-25T23:20:07.825010,ETHUSDT,2923.46,35.36,2923.47,39.12
2025-12-25T23:20:07.846635,ETHUSDT,2923.46,40.21,2923.47,39.12
2025-12-25T23:20:07.975873,ETHUSDT,2923.46,40.21,2923.47,35.43
2025-12-25T23:20:08.135687,ETHUSDT,2923.46,40.25,2923.47,35.43
2025-12-25T23:20:08.157226,ETHUSDT,2923.46,40.25,2923.47,25.10
2025-12-25T23:20:08.164787,ETHUSDT,2923.46,36.84,2923.47,25.10
2025-12-25T23:20:08.225582,ETHUSDT,2923.46,37.93,2923.47,25.10
2025-12-25T23:20:08.335625,ETHUSDT,2923.46,37.93,2923.47,19.20
2025-12-25T23:20:08.375984,ETHUSDT,2923.46,37.93,2923.47,14.35
2025-12-25T23:20:08.448966,ETHUSDT,2923.46,38.05,2923.47,14.35
2025-12-25T23:20:08.636468,ETHUSDT,2923.46,38.05,2923.47,4.67
2025-12-25T23:20:08.714728,ETHUSDT,2923.46,38.05,2923.47,4.48
2025-12-25T23:20:08.765370,ETHUSDT,2923.46,38.34,2923.47,4.48
2025-12-25T23:20:08.785887,ETHUSDT,2923.46,38.34,2923.47,4.57
2025-12-25T23:20:08.815559,ETHUSDT,2923.46,38.34,2923.47,2.48
2025-12-25T23:20:08.845344,ETHUSDT,2923.46,38.34,2923.47,13.82
2025-12-25T23:20:08.857837,ETHUSDT,2923.46,38.34,2923.47,13.68
2025-12-25T23:20:08.926052,ETHUSDT,2923.46,38.34,2923.47,12.75
2025-12-25T23:20:09.005555,ETHUSDT,2923.46,38.34,2923.47,13.92
2025-12-25T23:20:09.145674,ETHUSDT,2923.46,38.34,2923.47,13.91
2025-12-25T23:20:09.156943,ETHUSDT,2923.46,38.34,2923.47,13.87
2025-12-25T23:20:09.224986,ETHUSDT,2923.46,38.34,2923.47,13.90
2025-12-25T23:20:09.886596,ETHUSDT,2923.46,38.34,2923.47,20.11
2025-12-25T23:20:09.888147,ETHUSDT,2923.46,38.05,2923.47,20.11
2025-12-25T23:20:09.925222,ETHUSDT,2923.46,38.05,2923.47,13.91
2025-12-25T23:20:10.105789,ETHUSDT,2923.46,37.74,2923.47,13.91
2025-12-25T23:20:10.164812,ETHUSDT,2923.46,37.74,2923.47,23.05
2025-12-25T23:20:10.235538,ETHUSDT,2923.46,37.74,2923.47,13.91
2025-12-25T23:20:10.244642,ETHUSDT,2923.46,38.05,2923.47,13.91
2025-12-25T23:20:10.285659,ETHUSDT,2923.46,38.05,2923.47,7.42
2025-12-25T23:20:10.315183,ETHUSDT,2923.46,38.01,2923.47,7.42
2025-12-25T23:20:10.357164,ETHUSDT,2923.46,38.01,2923.47,7.23
2025-12-25T23:20:10.435812,ETHUSDT,2923.46,38.01,2923.47,7.42
2025-12-25T23:20:10.628469,ETHUSDT,2923.46,38.01,2923.47,2.57
2025-12-25T23:20:10.634776,ETHUSDT,2923.46,39.01,2923.47,2.57
2025-12-25T23:20:10.714016,ETHUSDT,2923.46,39.01,2923.47,1.34
2025-12-25T23:20:10.735365,ETHUSDT,2923.46,39.66,2923.47,1.34
2025-12-25T23:20:10.745717,ETHUSDT,2923.46,42.46,2923.47,0.46
2025-12-25T23:20:10.785901,ETHUSDT,2923.46,42.46,2923.47,1.08
2025-12-25T23:20:10.794758,ETHUSDT,2923.46,42.46,2923.47,0.38
2025-12-25T23:20:10.805625,ETHUSDT,2923.46,43.32,2923.47,0.38
2025-12-25T23:20:10.856961,ETHUSDT,2923.46,43.32,2923.47,0.01
2025-12-25T23:20:10.925447,ETHUSDT,2923.46,43.32,2923.47,0.19
2025-12-25T23:20:10.934668,ETHUSDT,2923.46,42.31,2923.47,0.19
2025-12-25T23:20:10.956580,ETHUSDT,2923.46,42.48,2923.47,0.19
2025-12-25T23:20:11.008971,ETHUSDT,2923.46,42.48,2923.47,0.01
2025-12-25T23:20:11.075762,ETHUSDT,2923.46,42.48,2923.47,0.10
2025-12-25T23:20:11.145768,ETHUSDT,2923.52,105.08,2923.53,81.07
2025-12-25T23:20:11.155159,ETHUSDT,2923.52,113.31,2923.53,81.07
2025-12-25T23:20:11.165019,ETHUSDT,2923.52,116.23,2923.53,81.07
2025-12-25T23:20:11.200404,ETHUSDT,2923.52,112.08,2923.53,81.07
2025-12-25T23:20:11.204751,ETHUSDT,2923.52,114.11,2923.53,81.07
2025-12-25T23:20:11.215028,ETHUSDT,2923.52,114.11,2923.53,82.74
2025-12-25T23:20:12.137539,ETHUSDT,2923.52,114.11,2923.53,77.74
2025-12-25T23:20:12.157490,ETHUSDT,2923.52,117.53,2923.53,77.74
2025-12-25T23:20:12.444387,ETHUSDT,2923.52,117.53,2923.53,116.09
2025-12-25T23:20:12.445096,ETHUSDT,2923.52,117.53,2923.53,116.10
2025-12-25T23:20:12.445731,ETHUSDT,2923.52,117.53,2923.53,116.98
2025-12-25T23:20:12.496006,ETHUSDT,2923.52,117.65,2923.53,116.98
2025-12-25T23:20:12.505339,ETHUSDT,2923.52,114.23,2923.53,116.98
2025-12-25T23:20:12.514954,ETHUSDT,2923.52,114.11,2923.53,116.98
2025-12-25T23:20:12.524429,ETHUSDT,2923.52,113.31,2923.53,121.83
2025-12-25T23:20:12.535068,ETHUSDT,2923.52,97.03,2923.53,121.83
2025-12-25T23:20:12.544761,ETHUSDT,2923.52,94.87,2923.53,121.83
2025-12-25T23:20:12.556569,ETHUSDT,2923.52,94.87,2923.53,116.98
2025-12-25T23:20:12.575644,ETHUSDT,2923.52,84.51,2923.53,116.98
2025-12-25T23:20:12.625446,ETHUSDT,2923.52,84.51,2923.53,121.83
2025-12-25T23:20:13.169087,ETHUSDT,2923.52,84.49,2923.53,121.83
2025-12-25T23:20:13.264981,ETHUSDT,2923.52,84.49,2923.53,121.73
2025-12-25T23:20:13.556256,ETHUSDT,2923.52,84.49,2923.53,116.88
2025-12-25T23:20:13.645985,ETHUSDT,2923.52,84.49,2923.53,121.73
2025-12-25T23:20:13.715405,ETHUSDT,2923.52,84.49,2923.53,116.88
2025-12-25T23:20:13.725019,ETHUSDT,2923.52,85.29,2923.53,116.88
2025-12-25T23:20:13.815973,ETHUSDT,2923.52,84.42,2923.53,121.73
2025-12-25T23:20:14.018862,ETHUSDT,2923.52,84.27,2923.53,121.73
2025-12-25T23:20:14.184815,ETHUSDT,2923.52,84.19,2923.53,121.73
2025-12-25T23:20:14.415719,ETHUSDT,2923.52,84.31,2923.53,121.73
2025-12-25T23:20:14.835916,ETHUSDT,2923.52,84.33,2923.53,121.73
2025-12-25T23:20:14.925428,ETHUSDT,2923.52,84.33,2923.53,116.88
2025-12-25T23:20:14.934851,ETHUSDT,2923.52,87.93,2923.53,116.88
2025-12-25T23:20:15.655598,ETHUSDT,2923.52,87.93,2923.53,121.73
2025-12-25T23:20:15.945757,ETHUSDT,2923.52,87.93,2923.53,116.88
2025-12-25T23:20:16.057104,ETHUSDT,2923.52,87.93,2923.53,116.87
2025-12-25T23:20:16.095542,ETHUSDT,2923.52,91.35,2923.53,116.87
2025-12-25T23:20:16.136326,ETHUSDT,2923.52,91.70,2923.53,116.87
2025-12-25T23:20:16.315685,ETHUSDT,2923.52,91.33,2923.53,116.87
2025-12-25T23:20:16.745581,ETHUSDT,2923.52,87.91,2923.53,116.87
2025-12-25T23:20:16.835884,ETHUSDT,2923.52,87.91,2923.53,121.72
2025-12-25T23:20:17.096659,ETHUSDT,2923.52,87.91,2923.53,116.87
2025-12-25T23:20:17.199691,ETHUSDT,2923.52,89.95,2923.53,116.87
2025-12-25T23:20:17.245232,ETHUSDT,2923.52,93.37,2923.53,116.87
2025-12-25T23:20:17.417636,ETHUSDT,2923.52,93.25,2923.53,116.87
2025-12-25T23:20:17.448576,ETHUSDT,2923.52,89.83,2923.53,116.87
2025-12-25T23:20:17.460110,ETHUSDT,2923.52,89.83,2923.53,118.21
2025-12-25T23:20:17.475483,ETHUSDT,2923.52,89.03,2923.53,118.21
2025-12-25T23:20:17.872753,ETHUSDT,2923.52,84.26,2923.53,118.21
2025-12-25T23:20:18.219547,ETHUSDT,2923.52,87.68,2923.53,118.21
2025-12-25T23:20:18.220348,ETHUSDT,2923.52,88.48,2923.53,118.21
2025-12-25T23:20:18.286278,ETHUSDT,2923.52,57.43,2923.53,123.06
2025-12-25T23:20:18.295389,ETHUSDT,2923.52,54.29,2923.53,123.06
2025-12-25T23:20:18.356944,ETHUSDT,2923.52,50.87,2923.53,123.06
2025-12-25T23:20:18.435629,ETHUSDT,2923.52,50.26,2923.53,123.06
2025-12-25T23:20:18.445544,ETHUSDT,2923.52,50.27,2923.53,123.06
2025-12-25T23:20:18.925133,ETHUSDT,2923.52,49.97,2923.53,123.06
2025-12-25T23:20:18.975379,ETHUSDT,2923.52,48.38,2923.53,123.06
2025-12-25T23:20:20.329198,ETHUSDT,2923.52,41.89,2923.53,123.06
2025-12-25T23:20:20.329505,ETHUSDT,2923.52,31.99,2923.53,123.06
2025-12-25T23:20:20.329770,ETHUSDT,2923.52,25.06,2923.53,123.06
2025-12-25T23:20:20.345064,ETHUSDT,2923.52,11.83,2923.53,123.06
2025-12-25T23:20:20.355751,ETHUSDT,2923.52,5.58,2923.53,123.06
2025-12-25T23:20:20.445453,ETHUSDT,2923.52,12.07,2923.53,123.06
2025-12-25T23:20:20.457967,ETHUSDT,2923.52,5.58,2923.53,123.06
2025-12-25T23:20:20.493497,ETHUSDT,2923.52,12.07,2923.53,123.06
2025-12-25T23:20:20.503242,ETHUSDT,2923.52,5.58,2923.53,123.06
2025-12-25T23:20:20.565684,ETHUSDT,2923.30,0.03,2923.36,0.02
2025-12-25T23:20:20.575073,ETHUSDT,2923.27,0.03,2923.28,19.47
2025-12-25T23:20:20.584905,ETHUSDT,2923.15,0.08,2923.18,9.70
2025-12-25T23:20:20.595405,ETHUSDT,2923.03,0.01,2923.13,9.70
2025-12-25T23:20:20.604656,ETHUSDT,2923.03,4.86,2923.04,78.48
2025-12-25T23:20:20.615148,ETHUSDT,2923.02,0.02,2923.03,82.09
2025-12-25T23:20:20.624769,ETHUSDT,2923.02,0.02,2923.03,92.67
2025-12-25T23:20:20.635024,ETHUSDT,2923.02,1.03,2923.03,91.59
2025-12-25T23:20:20.644753,ETHUSDT,2923.02,1.03,2923.03,101.92
2025-12-25T23:20:20.655154,ETHUSDT,2923.02,1.03,2923.03,83.25
2025-12-25T23:20:20.664763,ETHUSDT,2923.02,7.28,2923.03,83.25
2025-12-25T23:20:20.694870,ETHUSDT,2923.02,6.28,2923.03,83.25
2025-12-25T23:20:20.705685,ETHUSDT,2923.02,11.13,2923.03,83.25
2025-12-25T23:20:20.725077,ETHUSDT,2923.02,11.13,2923.03,84.92
2025-12-25T23:20:20.737531,ETHUSDT,2923.02,12.84,2923.03,84.92
2025-12-25T23:20:20.766167,ETHUSDT,2923.02,14.55,2923.03,84.92
2025-12-25T23:20:20.776800,ETHUSDT,2923.02,14.67,2923.03,84.92
2025-12-25T23:20:20.794934,ETHUSDT,2923.02,9.84,2923.03,84.92
2025-12-25T23:20:20.875537,ETHUSDT,2923.02,3.57,2923.03,84.92
2025-12-25T23:20:20.885861,ETHUSDT,2923.02,1.83,2923.03,84.92
2025-12-25T23:20:20.895548,ETHUSDT,2923.01,0.67,2923.02,124.65
2025-12-25T23:20:20.905114,ETHUSDT,2923.01,0.67,2923.02,130.24
2025-12-25T23:20:20.924706,ETHUSDT,2923.00,0.28,2923.01,85.43
2025-12-25T23:20:20.935224,ETHUSDT,2922.91,0.01,2922.92,80.85
2025-12-25T23:20:20.944933,ETHUSDT,2922.90,0.01,2922.91,7.75
2025-12-25T23:20:20.957494,ETHUSDT,2922.90,0.02,2922.91,93.97
2025-12-25T23:20:20.985583,ETHUSDT,2922.90,0.02,2922.91,94.86
2025-12-25T23:20:21.014796,ETHUSDT,2922.90,0.04,2922.91,94.86
2025-12-25T23:20:21.045530,ETHUSDT,2922.90,0.04,2922.91,96.53
2025-12-25T23:20:21.095134,ETHUSDT,2922.90,0.50,2922.91,96.53
2025-12-25T23:20:21.104876,ETHUSDT,2922.90,0.48,2922.91,96.53
2025-12-25T23:20:21.114728,ETHUSDT,2922.90,0.78,2922.91,96.53
2025-12-25T23:20:21.124748,ETHUSDT,2922.90,0.48,2922.91,96.53
2025-12-25T23:20:21.224946,ETHUSDT,2922.90,0.68,2922.91,96.53
2025-12-25T23:20:21.357296,ETHUSDT,2922.90,0.68,2922.91,96.52
2025-12-25T23:20:21.595734,ETHUSDT,2922.90,0.34,2922.91,96.52
2025-12-25T23:20:21.604627,ETHUSDT,2922.90,0.34,2922.91,97.38
2025-12-25T23:20:21.615179,ETHUSDT,2922.86,1.51,2922.87,103.51
2025-12-25T23:20:21.624646,ETHUSDT,2922.86,1.51,2922.87,107.41
2025-12-25T23:20:21.644722,ETHUSDT,2922.86,8.01,2922.87,102.56
2025-12-25T23:20:21.659410,ETHUSDT,2922.86,12.86,2922.87,102.56
2025-12-25T23:20:21.675423,ETHUSDT,2922.86,8.01,2922.87,102.56
2025-12-25T23:20:21.684833,ETHUSDT,2922.86,12.86,2922.87,102.56
2025-12-25T23:20:21.695334,ETHUSDT,2922.86,12.86,2922.87,104.23
2025-12-25T23:20:21.704966,ETHUSDT,2922.86,8.01,2922.87,104.23
2025-12-25T23:20:21.724768,ETHUSDT,2922.86,12.86,2922.87,104.23
2025-12-25T23:20:21.735385,ETHUSDT,2922.86,21.79,2922.87,95.30
2025-12-25T23:20:21.745192,ETHUSDT,2922.86,21.79,2922.87,93.14
2025-12-25T23:20:21.815181,ETHUSDT,2922.86,21.91,2922.87,93.14
2025-12-25T23:20:21.845454,ETHUSDT,2922.86,21.91,2922.87,86.89
2025-12-25T23:20:21.946169,ETHUSDT,2922.86,17.06,2922.87,86.89
2025-12-25T23:20:22.036282,ETHUSDT,2922.86,21.91,2922.87,86.89
2025-12-25T23:20:22.136241,ETHUSDT,2922.86,22.02,2922.87,86.89
2025-12-25T23:20:22.196566,ETHUSDT,2922.86,17.17,2922.87,86.89
2025-12-25T23:20:22.296311,ETHUSDT,2922.86,8.24,2922.87,86.89
2025-12-25T23:20:22.535667,ETHUSDT,2922.86,1.75,2922.87,86.89
2025-12-25T23:20:22.605689,ETHUSDT,2922.86,1.75,2922.87,87.55
2025-12-25T23:20:23.094371,ETHUSDT,2922.86,1.75,2922.87,85.79
2025-12-25T23:20:23.128729,ETHUSDT,2922.86,1.75,2922.87,85.13
2025-12-25T23:20:23.134227,ETHUSDT,2922.86,1.75,2922.87,85.99
2025-12-25T23:20:23.144752,ETHUSDT,2922.80,0.02,2922.87,85.99
2025-12-25T23:20:23.159662,ETHUSDT,2922.78,0.31,2922.79,109.88
2025-12-25T23:20:23.165110,ETHUSDT,2922.78,0.31,2922.79,110.68
2025-12-25T23:20:23.175073,ETHUSDT,2922.73,0.03,2922.74,145.69
2025-12-25T23:20:23.184644,ETHUSDT,2922.69,0.11,2922.70,142.79
2025-12-25T23:20:23.195031,ETHUSDT,2922.63,0.18,2922.64,4.30
2025-12-25T23:20:23.206946,ETHUSDT,2922.63,0.01,2922.64,141.41
2025-12-25T23:20:23.216130,ETHUSDT,2922.62,0.02,2922.63,142.55
2025-12-25T23:20:23.224728,ETHUSDT,2922.62,0.02,2922.63,134.55
2025-12-25T23:20:23.234695,ETHUSDT,2922.62,0.02,2922.63,135.42
2025-12-25T23:20:23.244524,ETHUSDT,2922.62,0.02,2922.63,135.81
2025-12-25T23:20:23.275471,ETHUSDT,2922.54,0.02,2922.55,5.53
2025-12-25T23:20:23.289313,ETHUSDT,2922.50,4.72,2922.51,127.90
2025-12-25T23:20:23.296656,ETHUSDT,2922.50,4.73,2922.51,142.70
2025-12-25T23:20:23.304531,ETHUSDT,2922.50,4.73,2922.51,142.23
2025-12-25T23:20:23.315092,ETHUSDT,2922.38,0.01,2922.39,91.75
2025-12-25T23:20:23.324678,ETHUSDT,2922.29,0.01,2922.31,74.14
2025-12-25T23:20:23.335172,ETHUSDT,2922.29,0.02,2922.30,106.13
2025-12-25T23:20:23.344699,ETHUSDT,2922.24,13.08,2922.25,105.82
2025-12-25T23:20:23.355249,ETHUSDT,2922.24,11.36,2922.25,105.20
2025-12-25T23:20:23.364670,ETHUSDT,2922.24,6.51,2922.25,105.20
2025-12-25T23:20:23.375150,ETHUSDT,2922.24,8.47,2922.25,105.20
2025-12-25T23:20:23.384751,ETHUSDT,2922.24,12.24,2922.25,106.44
2025-12-25T23:20:23.399619,ETHUSDT,2922.24,12.24,2922.25,106.45
2025-12-25T23:20:23.405196,ETHUSDT,2922.24,3.22,2922.25,106.84
2025-12-25T23:20:23.414729,ETHUSDT,2922.24,1.98,2922.25,106.84
2025-12-25T23:20:23.444938,ETHUSDT,2922.24,1.98,2922.25,108.50
2025-12-25T23:20:23.458020,ETHUSDT,2922.24,3.69,2922.25,108.50
2025-12-25T23:20:23.464534,ETHUSDT,2922.24,3.69,2922.25,108.57
2025-12-25T23:20:23.475092,ETHUSDT,2922.15,0.01,2922.16,71.64
2025-12-25T23:20:23.486263,ETHUSDT,2922.14,0.10,2922.15,137.67
2025-12-25T23:20:23.495008,ETHUSDT,2922.14,0.11,2922.15,146.89
2025-12-25T23:20:23.504621,ETHUSDT,2922.14,0.14,2922.15,146.89
2025-12-25T23:20:23.516458,ETHUSDT,2922.14,0.14,2922.15,146.82
2025-12-25T23:20:23.544864,ETHUSDT,2922.14,0.14,2922.15,143.92
2025-12-25T23:20:23.625067,ETHUSDT,2922.14,0.14,2922.15,145.59
2025-12-25T23:20:23.706536,ETHUSDT,2922.14,0.60,2922.15,145.57
2025-12-25T23:20:24.118543,ETHUSDT,2922.14,0.60,2922.15,145.56
2025-12-25T23:20:24.135804,ETHUSDT,2922.14,17.83,2922.15,112.46
2025-12-25T23:20:24.144829,ETHUSDT,2922.14,17.83,2922.15,97.29
2025-12-25T23:20:24.156806,ETHUSDT,2922.14,12.98,2922.15,92.10
2025-12-25T23:20:24.164695,ETHUSDT,2922.14,14.67,2922.15,92.10
2025-12-25T23:20:24.226790,ETHUSDT,2922.14,6.84,2922.15,92.10
2025-12-25T23:20:24.234826,ETHUSDT,2922.14,13.33,2922.15,92.10
2025-12-25T23:20:24.285495,ETHUSDT,2922.14,6.84,2922.15,92.10
2025-12-25T23:20:24.366435,ETHUSDT,2922.14,18.18,2922.15,92.10
2025-12-25T23:20:24.375108,ETHUSDT,2922.14,18.18,2922.15,91.02
2025-12-25T23:20:24.395130,ETHUSDT,2922.14,17.84,2922.15,91.02
2025-12-25T23:20:24.415525,ETHUSDT,2922.14,17.84,2922.15,88.86
2025-12-25T23:20:24.445628,ETHUSDT,2922.14,26.77,2922.15,58.87
2025-12-25T23:20:24.466049,ETHUSDT,2922.14,32.67,2922.15,58.87
2025-12-25T23:20:24.474793,ETHUSDT,2922.14,29.68,2922.15,58.87
2025-12-25T23:20:24.526142,ETHUSDT,2922.14,29.68,2922.15,52.42
2025-12-25T23:20:24.535766,ETHUSDT,2922.14,30.48,2922.15,44.18
2025-12-25T23:20:24.544769,ETHUSDT,2922.14,49.96,2922.15,44.18
2025-12-25T23:20:24.557510,ETHUSDT,2922.14,49.96,2922.15,34.47
2025-12-25T23:20:24.585860,ETHUSDT,2922.14,39.63,2922.15,34.47
2025-12-25T23:20:24.595280,ETHUSDT,2922.14,39.63,2922.15,39.32
2025-12-25T23:20:24.685329,ETHUSDT,2922.14,39.75,2922.15,39.32
2025-12-25T23:20:24.705584,ETHUSDT,2922.14,29.81,2922.15,39.32
2025-12-25T23:20:24.945856,ETHUSDT,2922.14,29.98,2922.15,39.32
2025-12-25T23:20:25.128082,ETHUSDT,2922.14,29.98,2922.15,39.65
2025-12-25T23:20:25.140244,ETHUSDT,2922.14,29.99,2922.15,39.65
2025-12-25T23:20:25.146363,ETHUSDT,2922.14,29.98,2922.15,39.65
2025-12-25T23:20:25.195960,ETHUSDT,2922.14,21.05,2922.15,39.65
2025-12-25T23:20:25.236088,ETHUSDT,2922.14,6.80,2922.15,42.21
2025-12-25T23:20:25.245407,ETHUSDT,2922.14,0.31,2922.15,42.22
2025-12-25T23:20:25.265439,ETHUSDT,2922.14,0.31,2922.15,43.08
2025-12-25T23:20:25.295091,ETHUSDT,2922.14,0.31,2922.15,44.71
2025-12-25T23:20:25.304632,ETHUSDT,2922.07,0.02,2922.08,17.76
2025-12-25T23:20:25.315406,ETHUSDT,2922.04,0.02,2922.05,93.19
2025-12-25T23:20:25.325638,ETHUSDT,2922.00,2.36,2922.01,135.79
